2509 3725
199 210 233 258 46
465 210 748 258 nPAnmonnAs.
783 224 806 269 4,
821 221 842 274 5·

200 376 363 450 stituimuS,
382 385 510 453 quorum
527 376 692 453 separatim
709 377 812 435 multis
824 376 947 435 milibus
958 396 1100 436 versuum

199 481 371 556 complures
390 487 554 556 scriptores
572 489 643 537 ante
660 487 717 537 nos
733 479 932 555 explicarunt.

163 580 186 639 5
241 584 311 642 Fuit
335 583 428 642 etiam
455 583 596 655 disertu5‚
616 591 657 664 ut
683 589 774 641 nemo
800 591 828 640 ei
852 583 1020 641 Thebanus
1046 593 1101 660 per

198 697 281 746 esset
303 686 487 763 eloquentie,
510 704 610 762 neque
634 685 735 743 minus
757 686 928 744 concinnus
950 686 982 744 in
1005 687 1100 745 brevi-

198 799 261 848 te'tte
273 792 481 867 respondendi
500 809 590 867 quam
608 790 640 847 in
652 798 800 866 perpetue
812 789 950 848 oratione
963 796 1098 849 ornatum
1138 810 1151 861 5

162 894 319 951 2Habuit
340 894 580 954 obtrectatorem
609 875 805 951 Menecliden
834 893 997 968 quendam,
1025 892 1101 951 indi-

198 997 268 1054 dem
294 997 419 1069 Thebis,
448 1007 478 1055 et
507 998 717 1055 adversarium
742 995 772 1053 in
796 995 1039 1054 administranda
1068 1004 1100 1055 re

197 1099 328 1175 pnblica‚
346 1100 421 1158 satis
438 1101 637 1159 exercitatum
662 1100 692 1157 in
710 1100 850 1169 dicendo,
867 1108 900 1156 ut
916 1099 1100 1157 Thebanum

197 1203 333 1262 seilicet:
357 1223 490 1280 namque
514 1204 557 1261 illr
579 1214 665 1281 genti
691 1204 760 1279 plus
781 1202 860 1261 inest
878 1202 986 1260 virium
1007 1222 1100 1279 quam

163 1307 309 1383 eingeni.
356 1310 396 1379 is,
416 1308 499 1384 quod
522 1307 553 1365 in
576 1315 607 1365 re
637 1307 760 1367 militari
783 1307 890 1366 florere
915 1308 1150 1382 Epaminon-10

197 1410 268 1467 dam
290 1411 424 1483 videbat,
448 1411 563 1470 hortari
588 1412 708 1469 solebat
735 1411 903 1469 Thebanos
930 1419 963 1467 ut
991 1418 1100 1485 pacem

196 1514 279 1573 bello
295 1515 491 1586 anteferrent,
506 1521 545 1573 ne
560 1514 641 1572 illius
664 1514 857 1590 imperatoris
872 1532 966 1590 opera
982 1513 1100 1571 deside-

196 1625 321 1676 raretur.
377 1618 460 1676 Huic
483 1618 534 1676 ille
561 1617 713 1690 “Fallis,’'
744 1617 853 1693 inquit,
872 1617 992 1675 “verbo
1016 1623 1099 1674 cives

196 1728 273 1791 tuos,
300 1720 383 1796 quod
407 1721 464 1780 hos
489 1730 507 1780 a
532 1721 614 1780 bello
637 1730 768 1779 avocas:
805 1728 848 1780 oti
871 1720 952 1778 enim
976 1719 1099 1778 nomine

161 1832 178 1882 4
196 1824 372 1884 servitutem
384 1823 539 1885 conciliem
579 1827 659 1884 Nam
670 1823 786 1902 paritur
796 1832 856 1901 pix
865 1823 956 1883 bello.
988 1825 1099 1899 Itaque
1120 1846 1149 1900 15

196 1937 248 2004 qui
277 1937 314 1986 ea
344 1928 462 1987 dintina
492 1928 598 1987 volunt
630 1929 698 2001 frui,
730 1929 812 1987 bello
842 1929 1000 1988 exercitati
1029 1948 1099 1987 esse

196 2031 318 2090 debent.
364 2032 467 2105 Quare
493 2041 519 2090 si
545 2032 700 2108 principes
735 2032 884 2090 Graeciae
906 2032 997 2090 voltis
1019 2051 1097 2105 esse,

161 2140 304 2192 5castris
326 2144 374 2193 est
396 2135 484 2194 vobis
508 2136 663 2207 tuendum,
695 2142 757 2193 non
781 2135 965 2210 palaestra”
1011 2128 1099 2194 Idem

195 2238 245 2296 ille
262 2238 455 2297 Meneclides
476 2257 545 2297 cum
561 2238 632 2296 huic
649 2237 794 2310 obiceret,
810 2241 893 2315 quod
910 2241 1023 2301 liberos
1036 2249 1098 2301 non

194 2341 322 2400 haberet
338 2361 438 2417 neque
455 2349 580 2401 uxorem
597 2343 744 2416 duxisset,
759 2344 951 2420 maximeque
967 2345 1098 2403 insolen·
1117 2365 1149 2401 20

194 2445 277 2517 tiam,
292 2446 374 2521 quod
387 2444 446 2503 sibi
464 2446 705 2522 Agamemnonis
718 2447 791 2505 belli
806 2448 933 2524 gloriam
947 2449 1100 2506 videretur

195 2555 399 2607 consecutus:
435 2557 466 2606 at
488 2549 537 2606 ille
563 2549 736 2622 “Desine'’
753 2550 861 2627 inquit,
881 2558 899 2584 “
913 2551 1097 2623 Meneclida,

196 2651 234 2709 de
257 2659 349 2710 uxore
373 2651 447 2708 mihi
476 2653 680 2727 exprobrare:
704 2673 775 2711 nam
798 2654 910 2712 m'rllius
933 2653 963 2711 in
986 2654 1045 2712 iste
1067 2661 1099 2712 re

195 2753 298 2811 minus
312 2762 354 2812 uti
375 2754 504 2814 consilio
523 2756 625 2815 volo.'’
672 2756 835 2834 (Habebat
850 2757 932 2816 enim
954 2757 1099 2814 Menecli-

160 2862 177 2912 6
194 2857 250 2914 des
266 2857 475 2932 suspicionem
500 2858 654 2936 adulteri.)
700 2860 819 2932 “Quod
836 2870 938 2918 autem
957 2866 1005 2918 me
1021 2863 1099 2935 Aga·
1119 2880 1149 2931 ²5

194 2979 389 3019 memnonem
424 2962 569 3020 aemulz'ari
595 2971 696 3038 putam,
723 2963 859 3021 falleris:
892 2981 1025 3038 namque
1049 2962 1099 3020 ille

238 3137 267 3170 12
288 3122 464 3188 anteferrent,
478 3131 664 3186 anteponerent,
674 3154 705 3160 —
715 3140 744 3188 13
757 3123 843 3188 fallis,
856 3127 999 3187 dbcipis.—
1008 3139 1037 3184 14
1049 3125 1098 3189 oti,

196 3208 277 3268 pdct's.
290 3235 323 3242 —
334 3206 364 3254 16
382 3207 498 3271 diutine,
517 3208 651 3255 dinturna'.
660 3237 693 3243 -
702 3222 733 3255 20
751 3208 935 3275 insolentiam,
949 3208 1098 3273 superbiam.

196 3317 230 3330 -
241 3304 271 3358 23
291 3292 458 3359 exprobrare,
473 3291 570 3342 elicere.
