2509 3725
423 251 657 299 ALCIBIADES.
694 263 715 315 5,
729 250 752 298 6.
1009 248 1041 300 35

144 418 328 495 locupletati>
350 417 492 489 exercitii,
514 417 655 476 maximis
677 417 769 476 rebus
790 426 886 494 gestis
901 417 1042 476 Athenis

143 528 300 580 venerunt.

111 618 131 677 6
186 626 246 682 His
276 643 345 683 cum
374 623 496 682 obviam
525 623 669 682 irniversa
697 623 806 682 civitais
835 623 867 681 in
900 626 1042 682 Piraeum

23 743 45 800 l,
143 727 362 798 descendisset,
380 736 466 785 tanta
481 726 540 785 fuit
559 727 695 785 omnium
716 726 906 803 exspectatis>
921 727 1042 785 visendi

144 830 322 902 Alcibiadis,
347 840 380 889 ut
402 830 441 888 ad
464 829 529 888 eius
558 830 711 888 triremem
733 830 840 907 volgus
873 830 1041 889 cbnflueret
1078 844 1092 896 5

22 953 27 1038 q
113 934 270 1010 2proinde
292 942 329 993 ac
352 942 378 991 si
400 933 483 992 sulus
506 932 690 991 advenisset.
737 935 787 991 Sic
817 933 898 992 enim
926 933 1042 1009 populi)

21 1044 23 1103 ζ
144 1047 208 1096 erat
224 1045 405 1113 persuasum
420 1046 451 1094 et
467 1035 612 1095 adversas
628 1036 802 1113 superbires
818 1045 848 1095 et
863 1043 1042 1113 praesentes

21 1111 27 1274 '
144 1140 296 1199 secundas
308 1146 357 1198 res
369 1138 519 1197 accidisse
530 1139 595 1197 eius
606 1148 710 1215 opera.
742 1142 851 1215 Itaque
864 1149 895 1198 et
907 1139 1042 1198 Siciliam

144 1252 287 1302 amissam
303 1252 333 1301 et
349 1241 664 1301 Lacedaemonirirum
679 1242 824 1302 victrinis
839 1243 946 1319 culpae
967 1260 1041 1300 suae

21 1295 26 1454 l
144 1346 328 1418 tribuebant,
346 1345 428 1421 quod
443 1346 534 1403 talem
550 1345 648 1403 virum
663 1353 680 1404 e
701 1345 823 1404 civitate
843 1345 1040 1421 expulissent.
1062 1362 1092 1397 10

145 1450 253 1526 Neque
277 1448 309 1506 id
338 1447 404 1507 sine
434 1456 527 1507 causa
558 1448 697 1507 arbitrari
725 1448 916 1507 videbantur.
962 1450 1042 1506 Nam

22 1491 25 1662 l
143 1562 307 1629 postquam
329 1550 475 1610 exercitui
497 1570 640 1627 praeesse
662 1562 814 1628 coeperat,
839 1569 939 1627 neque
961 1560 1042 1610 terrai

22 1677 24 1734 l
113 1666 128 1717 3
144 1674 244 1732 neque
259 1664 334 1713 mari
349 1655 454 1713 hostes
470 1662 559 1731 pares
579 1673 649 1713 esse
668 1664 839 1730 potuerant.
885 1656 947 1713 Hic
971 1663 1005 1712 ut
1025 1662 1042 1713 e

144 1768 215 1818 navi
233 1766 374 1835 egressus
389 1768 445 1830 est,
463 1776 649 1834 quamquam
664 1759 873 1817 Theramenes
895 1768 926 1817 at
949 1758 1043 1815 Thra-

22 1883 23 1893 *
145 1862 269 1941 sybirlus
285 1861 394 1920 iisdem
409 1862 501 1921 rebus
516 1862 714 1938 praefuerant
729 1861 880 1938 simulque
895 1869 1042 1920 venerant
1063 1879 1092 1931 ¹5

145 1965 175 2024 in
206 1969 356 2038 Piraeum,
375 1975 477 2024 tamen
507 1975 601 2023 tinum
630 1973 737 2025 omnes
767 1967 850 2026 illum
878 1976 1043 2044 preseque-

144 2069 264 2142 bantur,
281 2078 321 2141 et,
337 2068 369 2126 id
385 2068 467 2144 quod
483 2089 651 2144 numquam
667 2079 758 2129 antea
774 2080 830 2129 usu
841 2078 968 2129 venerat
983 2071 1042 2129 nisi

145 2171 304 2252 Olympiae
317 2171 492 2242 victuribus
507 2180 628 2231 comnis
645 2173 756 2231 laureis
769 2174 940 2250 taeniisque
952 2176 1043 2251 volgi)

145 2276 326 2336 danabaitur.
379 2275 435 2333 Ille
468 2274 632 2334 lacrimans
668 2276 760 2335 talem
796 2277 1043 2336 benevolentiam
1138 2352 1141 2355 Ι

144 2379 256 2438 civium
272 2386 395 2438 sutirum
412 2377 590 2454 accipiebat,
610 2378 810 2438 reminiscens
830 2380 951 2456 pristini
971 2391 1043 2440 tem·
1063 2395 1094 2430 20

112 2501 129 2550 4
144 2483 227 2559 poris
240 2482 447 2541 acerbitatem.
493 2483 661 2558 Postquam
674 2481 704 2539 in
715 2493 784 2540 astu
793 2484 885 2555 venit,
899 2484 1043 2544 cuntibne

65 2653 67 2657 Α
145 2586 296 2644 advocata
319 2594 363 2644 sic
378 2586 473 2643 verba
494 2585 568 2643 fecit
594 2595 627 2643 ut
649 2593 740 2644 nemi)
762 2595 823 2644 tam
845 2587 930 2646 ierus
951 2588 1044 2646 fuerit

146 2698 219 2765 quin
245 2688 311 2746 eius
337 2697 423 2747 casui
452 2687 649 2746 inlacrimarit
679 2687 896 2765 inimicumque
934 2690 972 2749 iis
1011 2699 1044 2750 se

145 2791 315 2851 ostenderit
341 2799 468 2866 quarum
487 2800 581 2867 opera
603 2791 703 2866 patriai
724 2792 831 2868 pulsus
852 2794 961 2865 fuerat,
979 2814 1044 2870 pru

145 2895 216 2953 inde
233 2903 269 2954 ac
285 2903 311 2952 si
327 2894 404 2953 alius
421 2894 560 2970 populus
579 2901 641 2953 nin
655 2895 703 2952 ille
717 2895 783 2971 ipse
796 2905 847 2972 qui
860 2907 924 2954 tum
937 2897 1039 2970 flebat,
1061 2908 1091 2960 25

22 3000 23 3004 ’
112 3009 129 3059 5
145 3017 215 3057 eum
231 2997 371 3074 sacrilegi
386 2997 571 3055 damnasset.
618 2997 772 3055 Restituta
787 3007 861 3075 ergb
880 2999 952 3058 huic
973 3010 1045 3058 sunt

187 3165 203 3212 4
220 3151 336 3215 visendi,
355 3151 534 3215 videndi—5
553 3150 706 3215 cinflueret,
724 3157 873 3199 conveniret.
883 3152 942 3200 -6
959 3153 1043 3218 silus,

145 3240 266 3282 tinua-
280 3247 309 3296 19
338 3233 492 3292 lacrimans,
514 3234 638 3296 stina-
651 3248 682 3281 20
710 3234 832 3299 pristini,
855 3237 1046 3297 supertim-

146 3331 177 3366 22
195 3315 279 3382 ferus,
292 3317 410 3365 crudelis.
420 3343 454 3351 -
463 3316 495 3364 26
512 3319 583 3380 ergit,
596 3317 685 3378 igitur.
