2509 3725
201 232 235 283 64
514 236 733 286 AGESILAUS.
767 236 791 283 8.

204 409 250 458 rat
280 400 310 458 in
340 402 511 461 tribuendis
538 403 632 462 animi
658 402 829 473 virtutibus,
857 412 902 460 sic
930 402 1099 460 maleficam

205 514 313 563 nactus
330 515 377 564 est
392 504 423 563 in
440 526 567 582 corpore
582 507 747 582 fingendo:
772 524 842 562 narn
861 514 892 563 et
912 514 1027 563 stature
1042 505 1101 563 fuit

204 607 311 666 humili
337 619 367 668 et
393 628 520 685 corpore
547 610 658 685 exigue
683 618 715 667 et
739 608 866 667 claudus
893 609 989 667 altere
1011 609 1099 683 pede.

187 711 294 784 ‘Quae
310 719 358 771 res
374 712 466 771 etiam
490 712 669 771 nennirllam
686 711 845 769 adferebat
864 711 1098 783 deformitatem,

206 822 298 889 atque
315 822 418 891 igneti,
435 815 545 874 taciem
569 814 636 873 eius
659 834 727 873 cum
751 798 949 886 intuerentur,
967 824 1101 872 contem·
1138 831 1150 883 5

207 917 330 989 nebant,
348 927 400 995 qui
422 929 523 977 autem
546 918 674 976 virtutes
699 924 856 989 neverant,
874 925 935 977 nen
959 928 1101 994 poterant

171 1020 347 1078 2admireri
370 1021 453 1080 satis.
499 1022 592 1096 Quod
615 1031 644 1080 ei
666 1030 723 1079 usu
749 1022 841 1095 venit,
859 1041 928 1081 cum
951 1030 1100 1081 annerum

206 1124 364 1199 octinginta
383 1126 522 1185 subsidia
540 1126 648 1186 Tachr')
671 1111 707 1184 in*
719 1130 892 1205 Aegyptum
908 1126 995 1184 iisset
1017 1135 1048 1184 et
1070 1126 1101 1183 in

207 1235 275 1284 acte
287 1245 355 1284 cum
370 1237 434 1285 suis
450 1229 645 1289 accubuisset
660 1230 727 1289 sine
744 1231 805 1290 ulle
817 1237 899 1289 tecte
911 1238 1101 1306 stratumque

206 1330 335 1388 haberet
355 1331 415 1409 tale
440 1342 472 1390 ut
494 1342 574 1391 terra
594 1341 675 1392 tecta
698 1343 781 1392 esset
803 1341 979 1392 stramentis
1002 1352 1101 1409 neque
1122 1356 1152 1390 10

207 1434 266 1491 buc
291 1434 421 1509 amplius
446 1454 535 1511 quam
559 1436 649 1512 pellis
675 1446 758 1496 esset
784 1436 905 1509 iniecta,
930 1437 1102 1514 eisdemque

207 1536 335 1595 comites
361 1545 468 1596 omnes
494 1540 712 1599 accubuissent
740 1548 853 1599 vestitu
877 1540 983 1599 humili
1010 1550 1102 1617 atque

207 1641 356 1711 obsoleto,
374 1651 407 1699 ut
418 1649 523 1700 ebrum
538 1649 665 1701 Ornatus
686 1651 747 1703 nen
768 1644 861 1703 modo
881 1643 912 1701 in
933 1645 981 1702 bis
1000 1652 1102 1721 regem

207 1742 360 1801 neminem
377 1744 570 1820 significaret,
589 1747 645 1804 sed
667 1746 806 1805 homines
825 1754 888 1806 nen
906 1747 1102 1806 beetissimes

173 1846 276 1905 3esse
307 1847 514 1924 suspicionem
543 1850 713 1926 praeberet.
777 1850 878 1910 Huius
904 1850 942 1910 de
969 1851 1153 1925 adventu15

206 1949 289 2008 fama
310 1969 377 2009 cum
400 1952 438 2009 ad
458 1952 558 2028 regies
577 1963 660 2011 esset
681 1955 806 2029 perlata,
824 1955 963 2014 celeriter
978 1965 1104 2014 munera

207 2060 244 2112 εό
260 2053 406 2130 cuiusque
422 2056 542 2131 generis
562 2066 634 2115 sunt
652 2058 762 2116 adlata.
809 2059 869 2116 His
885 2058 1103 2133 quaerentibus

207 2155 384 2231 Agesilaum
400 2156 450 2214 vix
465 2158 541 2216 fides
555 2159 640 2216 facta
657 2168 703 2216 est
719 2169 812 2217 r'rnum
837 2178 907 2218 esse
931 2179 968 2218 ex
988 2160 1025 2219 iis
1051 2169 1103 2236 qui

88 2330 89 2333 Ἴ
173 2267 190 2315 4
207 2267 271 2315 tum
287 2259 487 2318 accubabant.
534 2259 676 2333 Quicum
694 2261 773 2338 regis
786 2263 887 2320 verbis
903 2282 982 2339 quae
998 2264 1104 2322 attule-

207 2371 275 2420 rant
298 2361 467 2434 dedissent,
490 2362 540 2421 ille
565 2373 687 2439 praeter
711 2365 869 2423 vitulinam
895 2376 926 2425 et
952 2366 1103 2425 eiusmodi
1123 2390 1155 2425 20

206 2483 320 2540 genera
341 2466 460 2537 obsoni,
484 2485 561 2540 quae
583 2475 730 2542 praesens
755 2477 874 2544 tempus
897 2469 1101 2542 desiderabat,

207 2568 281 2624 nihil
298 2567 428 2644 accepit;
450 2579 614 2646 unguenta,
630 2577 761 2629 corones
778 2572 1007 2648 secundamque
1023 2581 1104 2631 men-

172 2682 271 2730 5sam
301 2681 396 2732 servis
425 2672 598 2747 dispertiit,
620 2680 723 2731 cetera
751 2674 856 2731 referri
887 2674 983 2733 iussit.
1033 2677 1103 2748 Que

205 2774 288 2833 facte
325 2794 393 2833 eum
430 2774 551 2834 barbari
588 2776 686 2852 magis
719 2776 810 2834 etiarn
843 2786 1101 2854 contempserunt,

206 2878 289 2954 quod
312 2897 381 2936 eum
405 2878 577 2954 ignerantie
605 2879 754 2937 bonerum
781 2887 880 2938 rerum
907 2879 959 2939 illa
983 2881 1104 2957 potissi·
1123 2903 1155 2955 ²5

205 3000 288 3039 mum
306 2981 473 3057 sumpsisse
491 2981 726 3040 arbitrabantur.

249 3147 258 3180 1
279 3132 439 3198 tribuendis,
458 3134 621 3197 co'nserende's.
631 3149 687 3197 -9
704 3136 775 3200 acta,
789 3137 868 3184 litore.
877 3165 911 3173 —
921 3151 950 3197 14
969 3137 1105 3201 significi-

204 3218 255 3280 ret,
280 3218 493 3280 indicabat—23
520 3217 670 3281 dispertiit,
691 3219 908 3285 distribuit—25
937 3221 1102 3288 ignitrantii,

204 3301 344 3349 inscientia.
354 3328 387 3336 -
396 3299 427 3348 26
445 3300 603 3368 sirmpsisse,
617 3302 745 3367 delegasse.
