2509 3725
191 257 227 309 10
465 262 763 313 THEMISTOCLES.
798 278 822 313 2.

154 425 178 486 2
234 428 356 489 Primus
366 438 470 491 autem
478 432 592 508 gradus
601 431 660 491 fuit
671 431 882 509 capessendae
894 439 939 490 rei
949 429 1091 507 publicae

192 528 277 590 bella
307 532 500 613 Corcyraeo:
537 534 577 593 ad
607 535 691 611 quod
723 534 892 611 gerendum
920 542 1044 610 praetor
1072 541 1091 591 a

192 632 309 709 populo
324 634 425 694 factus
442 642 504 695 non
520 637 619 695 solum
635 645 790 713 praesenti
812 636 903 708 bello,
920 635 976 694 sed
998 635 1091 694 etiam

160 738 178 791 2
194 734 313 812 reliquo
328 745 465 814 tempore
480 738 662 798 ferociorem
676 738 811 797 reddidit
826 738 990 797 civitatem.
1011 740 1091 796 Nam

194 856 265 897 cum
279 839 410 915 pecimia
422 840 554 916 publica,
569 860 648 916 quae
664 860 701 899 ex
716 840 848 899 metallis
863 841 991 913 redibat,
1005 840 1091 917 largi·
1129 855 1141 907 5

194 940 280 1001 tiane
310 942 545 1019 magistratuum
575 953 741 1019 quotannis
771 944 917 1017 interiret,
947 943 997 1002 ille
1026 962 1093 1019 per-

195 1044 295 1104 suasit
309 1047 425 1122 popula
440 1056 473 1105 ut
489 1055 526 1105 ea
542 1046 674 1123 pecunia
696 1047 806 1106 classis
828 1057 952 1106 centum
968 1046 1091 1106 navium

161 1152 178 1205 3
196 1146 416 1207 aedificaretur.
462 1149 533 1223 Qua
548 1148 689 1208 celeriter
709 1150 821 1209 effecta
836 1159 966 1227 primum
981 1151 1092 1227 Corcy-

195 1258 284 1311 raeos
309 1252 410 1329 fragit,
436 1251 550 1311 deinde
574 1251 744 1313 maritimos
770 1253 942 1330 praedones
967 1259 1092 1311 consec-

196 1355 293 1415 tanda
316 1374 400 1414 mare
423 1364 522 1414 tritum
547 1355 693 1415 reddidit.
739 1358 776 1413 In
801 1362 862 1433 quo
885 1373 953 1415 cum
977 1354 1091 1414 divitiis
1112 1372 1142 1408 10
1220 1376 1231 1393 ·

197 1458 325 1530 ornavit,
349 1468 414 1517 tum
436 1458 528 1518 etiam
550 1459 755 1535 peritissimos
780 1445 854 1518 belli
875 1458 993 1518 navalis
1018 1457 1092 1517 lacit

162 1561 413 1621 4Athaniansas.
460 1562 498 1620 ld
528 1572 662 1639 quantae
692 1564 783 1622 saluti
811 1562 903 1621 fuerit
931 1560 1091 1620 universae

197 1663 355 1737 Graeciae,
378 1664 462 1724 bello
484 1665 642 1742 cagnitum
664 1674 713 1724 est
739 1664 871 1725 Persica.
916 1667 997 1723 Nam
1022 1683 1092 1723 cum

197 1768 315 1827 Xerxas
337 1778 368 1827 et
390 1777 466 1827 mari
488 1778 519 1827 et
541 1777 622 1828 terra
645 1768 759 1827 bellum
782 1768 942 1828 universae
966 1769 1093 1827 interret

198 1874 339 1949 Eurapae
355 1892 424 1932 cum
439 1881 534 1932 tantis
552 1872 650 1950 copiis
665 1881 798 1949 quantas
821 1892 922 1949 neque
942 1883 1014 1932 ante
1034 1890 1091 1930 nec
1112 1889 1141 1943 ις

163 1987 179 2037 5
197 1984 307 2052 postea
327 1976 436 2035 habuit
458 1975 639 2052 quisquam:
662 1974 753 2035 huius
775 1975 857 2034 enim
880 1976 989 2035 classis
1010 1976 1092 2034 mille

197 2088 228 2139 et
254 2080 455 2138 ducentarum
483 2079 606 2138 navium
636 2079 797 2155 longarum
822 2078 889 2152 fuit,
914 2099 1006 2156 quam
1031 2079 1093 2138 duo

197 2182 282 2241 milia
313 2183 521 2242 onerariarum
552 2183 771 2258 sequabantur,
803 2190 962 2243 terrestras
991 2191 1093 2241 autem

198 2285 350 2346 exercitiis
380 2286 577 2363 septingenta
608 2285 756 2363 peditum,
787 2285 924 2364 equitum
953 2285 1095 2362 quadrin-

164 2398 181 2448 6
198 2399 292 2466 genta
307 2388 391 2447 milia
405 2390 530 2449 fuerunt
542 2413 548 2448 :
560 2425 602 2433 —
613 2388 701 2448 caius
717 2389 756 2448 da
772 2389 907 2448 advento
927 2409 995 2448 cum
1012 2390 1096 2448 tama
1114 2407 1145 2442 20

199 2492 230 2550 in
253 2492 416 2552 Graeciam
438 2501 522 2567 esset
543 2492 662 2568 perlata
684 2502 716 2551 et
735 2492 867 2552 maxima
889 2492 1095 2551 Atheniansas

199 2604 263 2671 peti
279 2595 454 2655 dicerentur
468 2604 593 2672 propter
606 2605 743 2673 pagnam
760 2595 996 2668 Marathoniam,
1009 2602 1096 2654 nrisa

199 2707 270 2757 runt
286 2699 426 2775 Delphos
443 2698 618 2758 consultum
635 2698 783 2775 quidnam
798 2700 937 2758 iacerent
951 2698 990 2757 da
1006 2698 1096 2756 rabus

201 2810 273 2860 suis.
307 2801 558 2861 Daliberantibus
575 2801 685 2880 Pythia
700 2801 861 2877 respondit
882 2810 916 2860 ut
935 2801 1096 2860 moenibus

166 2907 183 2960 7
200 2906 310 2982 ligneis
326 2911 359 2964 sa
375 2913 536 2963 munirent.
569 2904 607 2962 Id
622 2912 805 2982 respansum
821 2911 883 2980 qua
899 2903 1013 2964 valaret
1027 2920 1096 2962 cum
1116 2918 1147 2971 25

201 3007 393 3085 intellegeret
408 3013 508 3078 namo,
523 3006 749 3067 Themistocles
765 3006 920 3084 persuasit
934 3006 1097 3066 consilium

244 3174 255 3210 1
273 3160 463 3225 capessendae,
477 3160 657 3220 suscipiendae.
666 3174 723 3223 —3
740 3158 841 3225 factus,
855 3167 1045 3210 creatus-10
1059 3160 1100 3211 di-

200 3243 289 3308 vitiis,
306 3244 399 3305 opibus.
409 3269 442 3277 -
454 3255 483 3304 19
495 3241 639 3307 exercitiis,
654 3244 745 3304 copiae.
755 3271 789 3279 -
798 3256 829 3307 ²3
845 3243 1008 3309 consultum,
1024 3245 1099 3292 inter·
1188 3278 1201 3310 ,

199 3333 325 3390 rogatum.
334 3354 370 3364 -·
379 3339 411 3386 24
422 3324 647 3390 deliberantibus,
661 3327 856 3374 camulentibm.
