2509 3725
457 241 664 289 HANNIBAL.
702 254 738 288 11.
1014 237 1045 291 75
1094 270 1100 286 r

103 408 219 468 llTeli
234 407 448 467 cohortetiene
470 407 600 466 militum
622 407 707 466 facte
729 406 839 466 classis
854 408 893 465 ab
910 415 1047 481 utrisque

150 511 182 568 in
211 510 360 587 proelium
386 510 557 569 deducitur.
613 510 752 583 Quarum
778 509 843 568 acie
870 508 1046 580 constituta,

150 613 329 690 priusquam
358 623 479 691 signum
506 623 627 690 pugnae
655 613 788 684 daretur,
819 611 987 682 Hannibal,
1015 620 1048 669 ut

150 717 251 794 palam
269 717 386 775 faceret
404 726 468 775 suis
487 723 549 793 quo
567 716 637 775 loco
658 717 812 774 Eumenes
838 723 929 786 esset,
954 714 1048 773 tabel-

117 831 135 881 2
151 820 259 879 larium
278 820 307 877 in
328 819 444 896 scapha
464 839 533 877 cum
555 820 692 878 ceducee
710 818 812 877 mittit.
857 818 919 891 Qui
938 817 989 876 ubi
1008 817 1048 875 ad
1067 833 1080 885 5

151 930 246 982 naves
271 922 513 981 adverserierum
536 921 678 998 pervenit
701 920 926 998 epistulamque
949 929 1049 979 osten-

152 1027 230 1085 dens
256 1033 289 1084 se
315 1033 417 1102 regern
444 1026 603 1101 professus
627 1034 676 1083 est
699 1042 854 1101 quaerere,
880 1023 984 1082 statim
1009 1023 1048 1081 ad

154 1131 321 1187 Eumenem
337 1129 489 1187 deductus
509 1138 565 1200 est,
583 1129 666 1204 quod
683 1135 773 1188 neme
788 1127 952 1186 dubitabat
974 1135 1046 1203 quin

153 1232 270 1307 aliquid
288 1233 326 1290 de
345 1240 422 1308 pace
441 1241 524 1290 esset
543 1240 700 1308 scriptum.
746 1230 948 1302 Tabellarius,
961 1229 1049 1289 ducis

119 1437 278 1515 srecepit.
331 1440 373 1496 At
398 1440 551 1496 Eumenes
576 1438 676 1496 solnta
700 1437 833 1513 epistula
856 1437 932 1494 nihil
956 1437 987 1494 in
1012 1445 1049 1495 ee

154 1541 288 1618 repperit
305 1540 365 1600 nisi
384 1558 463 1616 quae
482 1541 522 1599 ad
541 1541 738 1599 inridendum
759 1558 829 1599 eum
850 1540 1048 1616 pertinerent.

155 1644 251 1704 Cuius
271 1653 330 1703 etsi
350 1662 475 1703 causam
495 1644 665 1703 mirabatur
684 1662 786 1720 neque
806 1643 987 1719 reperiebat,
1008 1652 1051 1701 ta-

154 1766 223 1806 men
253 1747 403 1824 proelium
436 1746 542 1806 statim
574 1746 765 1806 committere
794 1754 858 1805 nen
887 1745 1049 1805 dubitevit.

119 1862 137 1912 4
156 1853 276 1911 Horum
295 1851 327 1909 in
345 1860 497 1910 concursu
519 1849 654 1929 Bithynii
677 1849 866 1909 Hannibalis
885 1856 1051 1926 praecepte
1072 1866 1100 1918 15

155 1954 289 2014 universi
308 1964 418 2013 nevem
438 1954 585 2013 Eumenis
604 1953 793 2012 adoriuntur.
838 1954 975 2027 Querum
991 1952 1051 2038 vim

154 2065 208 2117 rex
229 2076 299 2117 cnm
322 2057 473 2117 sustinere
492 2064 554 2117 nen
575 2066 690 2133 posset,
706 2057 781 2133 fuga
803 2057 934 2115 salutem
955 2056 1051 2132 petit3

156 2180 247 2237 quam
264 2169 450 2220 consecetus
466 2166 527 2219 nen
547 2169 639 2232 esset,
656 2159 716 2217 nisi
732 2159 811 2217 intre
827 2178 883 2217 sua
898 2158 1053 2235 praesidia

156 2271 189 2323 se
201 2264 379 2340 recepisset,
391 2282 470 2340 quae
483 2263 513 2321 in
527 2262 667 2339 proxime
682 2263 769 2321 litore
782 2271 869 2321 erant
881 2263 1051 2321 conloceta.

119 2383 137 2431 5
157 2367 308 2443 Reliquae
325 2370 531 2444 Pergamenae
547 2373 644 2425 naves
654 2384 723 2424 cum
736 2366 928 2425 adversarios
940 2383 1055 2441 preme·
1074 2382 1104 2415 20

155 2480 224 2529 rent
246 2470 356 2541 acrius
373 2480 500 2546 repente
525 2468 556 2526 in
578 2478 632 2527 eas
654 2477 729 2527 vasa
750 2468 867 2540 fictilia,
885 2470 923 2527 de
942 2468 1055 2545 quibus

156 2583 250 2650 supra
262 2573 450 2633 mentienem
462 2572 602 2644 lecimus,
616 2572 716 2630 conici
728 2582 839 2647 coepta
852 2582 931 2630 sunt.
966 2572 1055 2645 Quae

157 2677 238 2736 iacta
264 2676 353 2735 initis)
379 2656 473 2734 risum
498 2675 709 2752 pugnantibus
734 2675 929 2733 concitarunt
955 2693 1055 2751 neque

121 2797 139 2846 6
157 2786 252 2855 quare
272 2779 305 2837 id
324 2780 411 2837 fieret
431 2788 552 2854 poterat
573 2778 720 2854 intellegi,
767 2781 934 2853 Postquam
954 2787 1055 2836 autem

156 2890 252 2942 neves
268 2891 340 2941 suas
353 2882 495 2958 oppletas
511 2888 739 2958 conspexerunt
755 2881 961 2957 serpentibus,
975 2889 1055 2939 nove
1075 2898 1088 2930 2
1093 2897 1105 2947 3

156 2993 188 3044 re
215 2985 377 3062 perterriti,
405 3004 474 3043 cum
504 2984 580 3061 quid
609 2984 804 3061 potissimum
829 2992 962 3043 vitarent
994 2991 1055 3042 nen

200 3152 231 3186 ro
259 3138 405 3202 declerete,
434 3138 555 3187 indicata.
570 3151 649 3199 -19
680 3138 709 3187 se
740 3136 894 3200 recepisset,
927 3137 1041 3184 rediisset
1047 3152 1058 3193 ,-

156 3223 234 3273 erant
264 3222 412 3285 conloceta,
436 3227 513 3269 erant
536 3222 710 3282 posita—21
740 3222 859 3290 repente,
887 3220 1015 3272 subita—
1028 3233 1058 3289 ²3

156 3304 335 3377 concitetunt,
352 3309 492 3358 moverunt,
