2509 3725
497 880 785 1001 muamus.

161 1124 182 1185 1
240 1113 422 1171 PAusANms
453 1114 718 1173 Lacedaemonius
748 1123 877 1191 magnus
906 1115 1006 1187 homo,
1038 1115 1094 1173 sed

197 1215 298 1273 varius
315 1216 345 1273 in
362 1226 445 1274 omni
460 1236 572 1293 genere
588 1226 669 1275 vitae
687 1216 765 1275 fuit:
788 1236 860 1275 nam
883 1227 916 1276 ut
931 1217 1094 1277 virtutibus

197 1318 299 1391 eluxit,
317 1328 361 1377 sic
376 1319 459 1377 vitiis
480 1329 527 1378 est
542 1320 679 1379 obrutus.
726 1319 829 1379 Huius
845 1319 1094 1379 inlustrissimum

162 1430 244 1480 2est
269 1422 419 1498 proelium
450 1424 532 1498 apud
563 1423 715 1482 Plataeas
762 1425 904 1500 Namque
934 1424 986 1483 illo
1015 1424 1094 1482 duce

197 1525 389 1598 Mardonius,
415 1534 553 1602 satrapes
577 1526 688 1603 regius,
716 1526 842 1585 natione
869 1527 992 1599 Medus,
1014 1526 1094 1604 regis
1132 1546 1145 1598 5
1235 1589 1241 1598 Ἢ

195 1647 298 1705 gener,
316 1629 347 1685 in
369 1637 474 1705 primis
498 1629 634 1686 omnium
658 1632 819 1688 Persarum
835 1639 866 1688 et
890 1639 982 1687 manu
1004 1629 1094 1689 fortis

196 1740 227 1789 ct
250 1732 359 1790 consili
381 1732 499 1808 plenuS,
522 1750 591 1789 cum
622 1732 764 1790 ducentis
793 1732 917 1791 milibus
946 1732 1093 1809 peditum,

197 1843 274 1911 quos
300 1834 412 1893 viritim
439 1835 562 1911 legerat,
591 1843 621 1893 et
648 1834 757 1911 viginti
782 1834 918 1912 equitum
945 1835 1028 1895 haud
1052 1835 1094 1895 ita

197 1947 307 2015 magna
326 1949 419 1997 manu
434 1938 583 1997 Graeciae
603 1939 728 2014 fugatus
749 1948 804 2011 est,
822 1946 921 2014 eoque
944 1938 1010 2016 ipse
1032 1939 1094 1997 dux

162 2053 179 2102 3
196 2042 309 2100 cecidit
321 2041 446 2119 proelio.
487 2042 558 2114 Qua
570 2041 700 2100 victoria
712 2043 811 2100 elatus
823 2042 953 2118 plurima
965 2042 1093 2100 miscere
1114 2061 1145 2098 ro

197 2145 299 2222 coepit
314 2156 344 2204 et
360 2146 474 2204 maiora
495 2154 725 2222 concupiscere.
772 2145 833 2204 Sed
853 2154 982 2221 primum
1005 2145 1035 2203 in
1056 2153 1093 2204 eo

197 2258 245 2308 est
261 2249 473 2324 reprehensus,
491 2248 575 2324 quod
597 2267 635 2307 ex
657 2249 773 2325 praeda
795 2247 947 2325 tripodem
969 2267 1093 2306 aureum

198 2353 328 2428 Delphis
357 2352 513 2429 posuisset
542 2351 763 2430 epigrammate
793 2359 942 2429 inscripto
971 2361 1002 2409 iu
1032 2359 1094 2427 quo

197 2457 274 2514 haec
303 2465 368 2514 erat
398 2456 574 2514 sententia:
618 2462 675 2514 suo
705 2455 799 2513 ductu
830 2455 979 2514 barbaros
1011 2455 1093 2532 apud

198 2559 340 2618 Plataeas
363 2578 432 2618 esse
455 2559 574 2618 deletos
596 2557 724 2632 eiusque
747 2557 893 2616 victoriae
914 2564 986 2633 ergo
1002 2557 1094 2633 Apol·
1115 2580 1145 2632 15

163 2663 251 2720 4lini
282 2664 397 2723 donum
427 2661 560 2720 dedisse.
620 2661 691 2718 Hos
720 2670 826 2719 versus
856 2661 1094 2719 Lacedaemonii

198 2767 431 2842 exsculpserunt
460 2783 560 2840 neque
590 2762 674 2821 aliud
704 2770 892 2839 scripserunt
921 2782 1012 2839 quam
1043 2771 1095 2822 uo

198 2870 280 2927 mina
296 2878 400 2927 earum
416 2868 572 2926 civitatum
594 2876 722 2942 quarum
743 2865 856 2925 auxilio
875 2868 987 2925 Persae
1008 2876 1096 2926 erant

197 2983 279 3032 victi.

243 3141 252 3174 1
268 3128 393 3190 maignus,
407 3115 533 3173 indistria.
543 3137 602 3171 -2
620 3122 723 3188 varius,
737 3123 890 3172 incdnsta'ns.
903 3121 963 3172 -8
980 3124 1094 3189 legerat,

198 3214 327 3277 dblbgerat.
337 3225 393 3274 -9
406 3210 519 3274 fugatus
531 3212 582 3274 est,
591 3211 748 3273 profligatus
759 3217 801 3258 est.
809 3239 843 3247 -
853 3225 882 3258 10
894 3210 1000 3275 cecidit,
1008 3213 1095 3272 periit.

196 3329 231 3338 —
242 3313 272 3366 15
284 3301 355 3365 ergo,
368 3303 452 3347 causa.
461 3324 494 3332 -
507 3311 533 3358 17
547 3297 762 3362 exsculpserunt,
775 3298 929 3344 deleverunt.
