2509 3725
220 192 252 242 54
514 192 730 241 PELOPIDAS.
766 206 788 249 2,
801 205 824 257 3.

219 361 282 418 dux
302 370 366 420 erat
388 359 561 437 PelopidaS,
579 378 650 419 cum
665 360 797 419 Athenis
818 360 951 421 interdiir
970 372 1119 439 exissent,

220 473 253 522 ut
274 473 512 539 vesperascente
536 464 622 522 caelo
645 463 771 522 Thebas
793 475 923 540 possent
945 476 1119 541 pervenire,

219 586 287 625 cum
309 566 439 626 canibus
460 566 609 625 venaticis
631 566 778 639 exierunt,
794 568 871 626 retia
892 568 1035 642 terentes,
1053 590 1121 629 ves-

218 679 277 728 tita
302 679 423 747 agresti,
451 677 512 746 quo
539 670 656 729 minore
683 670 860 747 suspicione
885 672 1025 731 facerent
1050 673 1119 732 iter.

219 774 282 847 Qui
306 792 375 831 cum
407 782 544 850 tempore
571 773 639 850 ipso
662 782 724 849 quo
748 775 939 848 studuerant,
963 777 1121 853 pervenis·
1159 802 1174 854 5

219 886 296 948 sent,
311 877 435 934 domum
450 876 602 935 Charonis
618 877 823 951 deverterunt,
837 888 856 938 a
872 887 933 956 quo
949 890 980 939 et
994 891 1120 958 tempus

218 990 249 1039 et
264 981 331 1039 dies
346 990 410 1039 erat
425 982 525 1040 datus

183 1088 206 1149 3
262 1086 333 1143 Hoc
353 1085 422 1143 loco
443 1084 518 1143 libet
533 1084 738 1161 interponere,
755 1094 814 1145 etsi
831 1086 1003 1146 seionctum
1023 1089 1063 1148 ab
1083 1098 1119 1149 re

218 1188 375 1265 proposita
387 1198 443 1261 est,
457 1189 551 1246 nimia
562 1189 678 1248 fidncia
690 1200 825 1267 quantae
837 1191 1005 1251 calamitati
1017 1192 1120 1253 soleat

218 1314 295 1354 esse.
347 1298 427 1353 Nam
450 1296 685 1372 magistratuum
707 1296 926 1355 Thebanorum
949 1296 1053 1355 statim
1075 1299 1120 1357 ad
1141 1319 1172 1353 10

218 1406 307 1457 aures
330 1400 470 1475 pervenit
495 1401 617 1460 exsulas
644 1401 675 1459 in
702 1402 809 1460 urbem
832 1400 963 1460 venisse.
1010 1400 1046 1459 Id
1071 1400 1119 1461 illi

218 1514 290 1565 vino
312 1508 472 1584 epulisque
495 1508 591 1567 dediti
614 1529 712 1584 usque
734 1517 772 1569 eo
794 1510 1001 1586 despexerunt
1020 1517 1052 1567 ut
1075 1517 1118 1568 ne

183 1611 364 1686 aquaerere
380 1612 505 1688 quidem
526 1614 564 1672 de
587 1622 675 1672 tanta
697 1620 728 1671 re
751 1612 927 1672 laborarint.
973 1612 1119 1671 Accessit

217 1713 309 1772 etiam
325 1716 408 1791 quod
424 1715 521 1793 magis
539 1725 671 1793 aperiret
690 1724 795 1776 eorum
814 1716 1010 1775 dementiam.
1055 1715 1118 1773 Ad-

217 1817 279 1876 lata
301 1828 349 1878 est
371 1819 453 1879 enim
475 1819 607 1897 epistula
627 1819 759 1880 Athenis
782 1820 820 1879 ab
844 1819 981 1879 Archino
1003 1827 1055 1878 oni
1077 1837 1118 1878 ex
1139 1837 1171 1890 ¹5

217 1923 275 1995 his,
293 1924 433 1996 Archiae,
451 1933 504 2000 qui
525 1934 589 1982 tum
613 1924 777 1983 maximum
800 1925 1013 2002 magistratum
1035 1924 1117 1984 The

217 2027 266 2085 bis
286 2027 455 2099 obtinebat,
472 2027 504 2084 in
526 2035 586 2102 qua
609 2027 713 2086 omnia
735 2029 773 2086 de
796 2027 986 2104 profectione
1009 2035 1118 2087 eorum

217 2140 388 2206 perscripta
403 2140 499 2190 erant.
544 2130 632 2204 Quae
651 2149 720 2190 cum
739 2131 798 2189 iam
817 2132 982 2191 accubanti
997 2131 1028 2189 in
1044 2151 1117 2190 con-

217 2233 299 2292 vivio
321 2243 404 2293 esset
427 2234 508 2305 data,
532 2243 611 2293 sicut
634 2244 698 2293 erat
721 2243 851 2311 signata,
875 2235 932 2294 sub
954 2235 1115 2311 pulvinum

217 2337 372 2396 subiciens
386 2340 447 2394 “In
458 2337 655 2409 crastinum‚''
666 2337 774 2414 inquit,
788 2337 921 2396 “differo
930 2345 979 2396 res
988 2337 1115 2396 serias.''
1135 2362 1170 2397 20

183 2435 200 2485 3
218 2442 259 2497 At
279 2439 322 2498 illi
344 2447 459 2511 omnes,
477 2459 546 2498 cum
570 2440 631 2498 iam
653 2460 714 2500 nox
736 2440 949 2517 processisset,
965 2441 1117 2500 vinolenti

156 2571 170 2576 -
218 2544 256 2601 ab
269 2544 426 2602 exsulibus
439 2544 517 2602 duce
532 2543 681 2620 Pelopida
697 2554 769 2604 sunt
784 2544 948 2603 interlecti.
993 2543 1116 2618 Quibus

217 2647 309 2705 rebus
320 2647 480 2718 confectis
494 2648 585 2723 volgo
598 2648 638 2706 ad
651 2667 733 2705 arma
745 2648 980 2723 libertatemque
992 2655 1114 2720 vocato,

217 2757 279 2809 non
296 2751 394 2809 solum
411 2759 463 2826 qui
486 2750 517 2807 in
540 2751 615 2810 urbe
631 2761 727 2823 erant,
745 2752 800 2810 sed
816 2751 908 2810 etiam
925 2751 1061 2828 undique
1077 2770 1116 2809 ex

217 2863 298 2930 agris
329 2861 556 2926 concurrerunt,
583 2854 770 2930 praesidium
797 2855 1115 2914 Lacedaemoniorum
1134 2867 1168 2920 25

217 2976 255 3015 ex
281 2976 350 3016 arce
376 2957 568 3034 pepulerunt,
593 2957 724 3033 patriam
749 2957 911 3017 obsidione
936 2958 1113 3032 liberarunt,

261 3121 273 3173 5
287 3110 458 3173 studuerant,
470 3110 671 3158 uoluerant-8
684 3111 846 3175 seianctum,
859 3113 981 3160 alzanum.
992 3124 1057 3159 —12
1070 3111 1117 3162 de-

217 3194 374 3257 spexerunt,
409 3197 616 3254 contempserunt.
629 3222 663 3230 —
677 3207 707 3253 14
745 3195 873 3259 aperiret,
909 3196 1117 3260 patefaceret.—

217 3289 249 3325 20
275 3275 420 3342 subiciens,
441 3281 675 3340 supponens—23
699 3278 788 3342 volgo,
802 3279 906 3341 popula.
985 3317 1005 3346 a
