2509 3725
449 738 729 823 nnnnnes.

97 971 121 1029 1
186 970 380 1042 Mrnrniniss
405 968 544 1028 Cimenis
565 968 659 1041 filius,
684 969 894 1042 Atheniensis,
916 989 986 1028 cum
1008 978 1039 1029 et

141 1073 325 1148 antiquitete
346 1072 468 1149 generis
484 1082 515 1131 et
530 1072 627 1149 glerie
650 1072 798 1131 meierum
813 1083 844 1131 et
860 1082 916 1132 sue
937 1074 1039 1132 mode·
1084 1153 1088 1159 Ι

141 1176 202 1236 stie
214 1185 293 1234 rinus
305 1175 442 1233 omniurn
454 1175 584 1235 mexime
596 1176 718 1235 flereret
730 1184 828 1252 eeque
840 1186 924 1235 esset
936 1186 1037 1236 aetete

141 1288 176 1337 ut
191 1286 260 1338 'nen
286 1278 346 1337 iam
370 1278 469 1337 selum
493 1280 532 1337 de
556 1286 593 1338 ee
609 1279 689 1337 bene
712 1286 845 1355 sperem,
867 1280 923 1337 sed
945 1280 1037 1339 etiarn

141 1382 299 1441 ceniidere
333 1389 416 1440 cives
445 1391 574 1457 possent
604 1392 652 1440 sui
682 1382 775 1441 telem
804 1400 874 1441 eum
903 1382 1037 1440 interum
1073 1400 1087 1453 5

142 1485 264 1561 qualem
280 1484 436 1563 cegnitum
452 1484 766 1556 indicarunt,'aceidit
781 1495 814 1545 ut
830 1486 1037 1545 Athenienses

107 1597 125 1647 2
143 1589 372 1648 Chersonesum
388 1588 515 1647 solenes
531 1589 646 1647 velient
662 1588 791 1647 mittere.
837 1589 932 1648 Cr'rius
947 1608 1038 1666 gene

142 1691 183 1750 ris
206 1710 275 1749 cum
294 1700 423 1768 megnus
444 1710 588 1775 numerus
608 1701 692 1750 esset
712 1702 742 1750 et
761 1692 848 1751 multi
864 1692 929 1751 eius
945 1692 1037 1751 demi-

141 1782 289 1872 gretienis
305 1804 445 1871 peterent
461 1794 650 1866 societatem,
664 1814 702 1853 ex
718 1795 754 1853 iis
771 1796 881 1854 delecti
897 1796 1037 1872 Delphes

142 1899 344 1958 deliberetum
365 1907 451 1956 missi
472 1908 551 1969 sunt,
570 1907 621 1975 qui
638 1899 834 1957 consulerent
849 1899 1034 1975 Apollinem,
1057 1926 1087 1961 10

142 2009 204 2077 que
235 2001 428 2078 potissimum
465 2000 543 2060 duce
576 2002 777 2073 [iterentur.f'
801 2005 943 2078 Namque
972 2012 1037 2061 tum

141 2105 278 2164 Threces
301 2113 353 2163 ees
375 2104 517 2181 regienes
540 2106 697 2176 tenebant,
719 2124 788 2163 cum
811 2105 922 2180 quibus
945 2115 1036 2164 armis

107 2213 207 2266 :ierat
232 2208 450 2266 dimicandum.
507 2209 567 2266 His
592 2208 826 2267 censulentibus
855 2208 1036 2268 neminetim

142 2311 252 2389 Pythia
280 2311 437 2388 praecepit
467 2320 500 2369 ut
531 2310 704 2369 Miltiadem
733 2311 948 2388 impereterem
977 2312 1037 2370 sibi

140 2415 313 2473 sninerent:
337 2414 369 2472 id
389 2424 415 2472 si
433 2413 589 2486 iecissent,
609 2414 734 2490 incepta
755 2422 903 2490 prespera
924 2416 1035 2473 iutsrra.
1057 2438 1086 2490 15

106 2495 215 2577 ⁴(an
235 2518 351 2576 ereculi
370 2525 521 2593 respense
541 2517 700 2576 Miltiades
719 2537 789 2575 eum
807 2518 927 2576 delecte
945 2528 1037 2577 manfr

140 2621 240 2679 classe
253 2621 481 2680 Chersonesum
496 2621 654 2696 proiectus
670 2639 738 2678 curn
751 2621 934 2680 accessisset
951 2624 1037 2680 Lern·

140 2743 213 2782 num
229 2733 260 2782 et
275 2723 393 2782 insoles
409 2723 474 2782 eius
490 2723 609 2782 insulae
624 2724 682 2781 sub
698 2733 884 2799 potestetem
899 2724 1037 2800 redigere

139 2827 233 2886 vellet
249 2826 494 2898 Atheniensium,
511 2826 604 2902 idque
621 2827 742 2884 Lemnii
760 2835 816 2885 sue
832 2835 942 2902 sponte
957 2828 1037 2885 iace·

105 2936 121 2986 5
139 2940 208 2989 rent
223 2931 421 3006 postulesset,
438 2929 482 2986 iili
498 2929 667 2988 inridentes
686 2930 911 3005 responderunt
926 2939 991 2988 turn
1006 2930 1037 2988 id
1056 2955 1087 2990 20

139 3041 174 3092 se
185 3033 320 3092 factores
336 3052 405 3091 cum
418 3032 468 3090 ille
481 3033 573 3091 dome
586 3033 718 3091 nevibus
729 3033 929 3109 proficiscens
944 3041 1037 3092 vente

182 3206 196 3240 2
216 3191 332 3256 generis,
361 3191 517 3270 gente-8
538 3191 756 3256 demigretienis,
781 3192 1037 3256 profectirnis.-1o

138 3275 327 3339 demeritum,
356 3281 579 3338 quaestum-13
599 3275 793 3339 dimicandum,
812 3277 1038 3337 pregnantium.-

140 3372 169 3420 17
183 3358 352 3423 accessisset,
360 3359 523 3420 pervenisset.
531 3386 565 3393 -
574 3370 605 3420 19
616 3360 666 3408 sue
678 3359 784 3422 sponte,
798 3360 873 3405 altra.
