2509 3725
482 254 689 302 HANNIBAL.
726 269 747 303 2.
1031 253 1064 306 67

166 442 264 499 usque
278 430 297 481 a
312 422 404 481 rubro
420 431 495 480 mari
511 441 594 480 arma
609 429 739 481 conatus
758 422 798 481 sit
817 423 927 482 inferre
941 412 1061 482 ltaliae.

131 537 148 587 2
166 526 216 584 Ad
235 544 326 601 quem
346 544 415 583 cum
434 525 527 601 legati
543 524 701 583 vonissent
717 527 859 596 Romani,
876 535 928 600 qui
943 526 981 583 do
997 526 1063 585 aius

165 628 324 687 voluntate
354 628 548 704 explorarent
574 628 745 704 darentque
771 647 896 703 operam
925 628 1062 688 consiliis

165 731 375 803 clandestinis,
403 741 436 789 ut
464 730 675 790 Hannibalem
704 730 737 787 in
766 731 973 807 suspicionem
999 738 1063 809 rogi

166 835 362 906 adducerent,
380 844 536 910 tamquam
553 835 591 894 ab
608 834 684 911 ipsis
702 843 878 909 corruptum
895 834 955 892 alia
970 843 1062 909 atque
1098 849 1112 903 5

165 946 257 996 antea
271 947 394 1009 sentire,
408 957 509 1014 neque
525 938 558 996 id
572 938 685 996 frastra
700 937 857 1010 fecissent,
871 938 964 1013 idque
978 940 1062 996 Han-

164 1041 250 1100 nibal
279 1041 481 1117 comperisset
510 1047 604 1117 seque
634 1042 673 1099 ab
702 1040 899 1100 interioribus
924 1041 1062 1100 consiliis

165 1148 318 1219 segregari
344 1142 482 1215 vidisset,
509 1152 648 1219 tempore
675 1143 748 1202 dato
775 1143 850 1201 adiit
879 1143 919 1201 ad
948 1150 1059 1220 regem,

130 1248 147 1298 3
165 1254 255 1321 eique
277 1265 346 1304 cum
369 1247 465 1305 multa
487 1247 525 1305 do
547 1246 608 1304 fido
632 1255 687 1304 sua
710 1241 741 1305 et
762 1246 835 1305 odio
852 1245 883 1303 in
902 1248 1061 1306 Romanos

165 1358 442 1421 commemorasset,
466 1350 527 1409 hoc
548 1349 701 1408 adiimxit:
742 1352 862 1408 “Pater
884 1351 1000 1421 meus,’'
1019 1350 1061 1407 in·
1081 1374 1111 1409 10

165 1452 240 1528 quit,
259 1452 453 1526 “Hamilcar,
479 1453 606 1529 puerulo
633 1460 689 1525 mo,
716 1462 822 1529 utpote
844 1460 907 1512 non
931 1453 1061 1529 amplius

164 1575 275 1614 novem
301 1563 399 1615 annos
426 1564 507 1629 nato,
534 1556 565 1613 in
594 1556 780 1633 Hispaniam
806 1551 971 1633 imperator
995 1576 1062 1633 pro

163 1660 305 1718 ficiscans
329 1660 531 1737 Karthagine,
557 1662 624 1718 Iovi
647 1659 764 1735 optimo
788 1658 920 1719 maximo
942 1660 1061 1720 hostias
1091 1692 1095 1699 ·

130 1765 147 1814 4
164 1762 341 1823 immolavit.
372 1764 460 1837 Quae
471 1763 575 1821 divina
586 1770 635 1822 res
647 1764 721 1822 dum
731 1764 959 1837 conficiobatur,
970 1784 1061 1841 quae-

164 1868 235 1927 sivit
253 1876 271 1927 a
289 1875 337 1927 mo
355 1868 505 1927 vellemne
525 1874 628 1926 secum
648 1867 679 1926 in
698 1879 799 1928 castra
816 1869 978 1945 proficisci.
1023 1869 1061 1927 Id
1081 1898 1110 1950 15

163 1991 233 2030 cum
249 1972 381 2031 libenter
396 1973 585 2050 accepissem
604 1983 697 2050 atque
713 1974 751 2032 ab
767 1980 804 2032 eo
819 1983 923 2050 petere
945 1972 1061 2049 coepis-

163 2092 228 2134 sem
245 2082 283 2134 no
298 2076 453 2136 dubitaret
469 2076 590 2149 ducere,
604 2086 669 2135 tum
685 2077 744 2148 ille,
758 2077 936 2148 “Faciam''
950 2076 1057 2152 inquit,

165 2185 215 2237 “si
230 2178 305 2237 mihi
320 2180 421 2251 fidem,
439 2199 530 2256 quam
550 2180 683 2256 postulo,
701 2180 853 2239 dederis'’
899 2180 995 2238 Simul
1011 2187 1059 2238 mo

163 2282 202 2341 ad
221 2291 305 2342 aram
324 2283 449 2342 adduxit
476 2283 558 2359 apud
577 2302 669 2359 quam
687 2284 858 2342 sacrificare
877 2283 1057 2355 instituerat,

162 2404 292 2461 eamque
309 2393 418 2445 ceteris
433 2394 558 2446 remotis
574 2396 731 2446 tenentem
751 2387 849 2446 iurare
868 2387 957 2445 iassit
974 2406 1059 2444 num·
1079 2416 1110 2450 20

127 2489 254 2565 5quam
278 2497 325 2548 mo
348 2489 378 2546 in
402 2490 535 2548 amicitia
558 2509 627 2548 cum
649 2493 799 2549 Romanis
821 2491 895 2548 iore.
942 2490 978 2548 Id
1001 2509 1058 2566 ego

162 2591 372 2651 iusiurandum
396 2602 474 2669 patri
499 2593 604 2652 datum
631 2613 729 2669 usque
756 2594 794 2653 ad
821 2595 902 2652 hanc
925 2602 1057 2652 aetatem

161 2695 205 2753 ita
227 2704 407 2756 conservavi
430 2707 463 2755 ut
481 2687 596 2755 nolnini
615 2697 742 2756 dubium
761 2717 829 2756 esse
848 2698 961 2756 dobeat
983 2708 1056 2772 quin

127 2803 144 2853 6
161 2799 280 2875 reliquo
299 2810 436 2877 tempore
456 2800 564 2859 eadem
582 2810 685 2860 mente
704 2801 761 2859 sim
780 2801 909 2859 iuturus.
956 2801 1058 2874 Quare

161 2902 187 2960 si
204 2903 277 2978 quid
293 2910 389 2962 amico
405 2904 443 2962 do
461 2906 611 2964 Romanis
628 2905 787 2981 cogitabis,
805 2912 867 2963 non
886 2905 1058 2980 impruden·
1078 2932 1090 2964 2
1095 2930 1107 2981 5

161 3014 207 3064 ter
221 3005 341 3078 loceris,
359 3016 385 3065 si
401 3014 449 3065 me
466 3007 592 3079 celari53
616 3027 685 3066 cum
701 3007 826 3083 quidem
841 3007 955 3067 bellum
973 3017 1059 3083 para-

201 3158 217 3207 8
241 3160 386 3224 sogregari,
405 3161 595 3209 excordi-10
613 3161 858 3224 commemorasset,
877 3165 1059 3208 narrasset.-

163 3241 192 3290 18
210 3241 301 3307 fidem,
315 3244 552 3290 iasiarandum.-
561 3257 590 3306 19
608 3243 776 3308 instituerat,
789 3250 970 3305 coeperat—2
973 3254 987 3307 5
1004 3245 1058 3294 non

159 3325 353 3391 imprudenter,
365 3327 500 3388 sapienta.
