2509 3725
434 221 653 271 AGESILAUs.
687 222 744 271 6-8.
1005 220 1039 270 63
1058 249 1062 255 ,

139 390 296 462 fecissent,
334 389 471 448 laudavit
508 389 671 449 crinsilium
707 397 821 462 ebrum,
853 388 937 465 quod
967 408 1037 447 eum

140 495 241 553 locum
270 502 486 570 occupassent,
514 502 545 551 et
571 500 604 551 se
628 513 752 569 quoque
778 494 810 551 id
835 494 901 551 fieri
924 493 1037 552 debere

106 598 403 657 3animadvertisse.
450 599 500 657 Sic
527 598 742 656 adulescentes
768 598 911 657 simulata
935 598 1038 656 lauda-

140 702 224 761 tinne
250 700 442 777 recuperavit
467 711 499 759 et
525 698 679 759 adiunctis
708 702 747 759 de
780 710 844 759 suis
873 700 1037 759 comitibus

140 805 241 864 locum
267 814 365 863 tutum
391 803 522 879 reliquit.
567 805 709 878 Namque
736 803 779 861 illi
803 813 885 862 aucti
910 811 1037 863 numeru
1075 818 1087 870 5

140 916 245 967 esurum
275 916 328 984 qui
357 914 497 983 expertes
527 917 615 964 erant
644 906 762 978 censili,
790 915 982 965 commovere
1005 915 1038 966 se

140 1015 203 1067 nen
223 1016 294 1065 sunt
315 1016 383 1065 ausi
404 1014 502 1082 enque
524 1006 679 1079 libentius
697 1007 781 1082 quod
801 1008 896 1066 latere
915 1007 1039 1066 arbitra-

140 1110 253 1167 bantur
268 1126 347 1184 quae
364 1106 582 1183 cugitaverant.

105 1223 127 1282 7
185 1211 256 1270 Sine
267 1210 362 1270 dubir')
372 1219 444 1287 post
452 1208 645 1269 Leuctricam
656 1220 790 1287 pugnarn
800 1210 1038 1269 Lacedaemonii

142 1322 175 1373 se
197 1334 362 1389 numquam
383 1315 555 1372 refecerunt
576 1333 677 1389 neque
697 1314 860 1391 pristinum
879 1315 1038 1391 imperium
1061 1345 1089 1378 ro

142 1426 370 1494 recuperarunt,
387 1436 456 1475 cum
478 1416 599 1475 interim
620 1436 787 1494 numquam
803 1418 967 1493 Agesilaus
990 1420 1039 1477 de·

142 1521 221 1580 stitit
247 1520 491 1597 quibuscumque
517 1521 608 1579 rebus
634 1532 742 1597 posset
767 1521 896 1597 patriam
926 1522 1038 1581 iuvare.

108 1627 223 1685 2Nam
249 1643 318 1682 curn
342 1623 507 1700 praecipue
532 1624 771 1683 Lacedaemonii
794 1624 968 1701 indigerent
990 1644 1041 1701 pe-

143 1727 243 1800 cunia,
261 1727 312 1786 ille
328 1726 471 1785 omnibus
488 1735 541 1802 qui
555 1736 574 1785 a
589 1734 660 1804 rege
683 1729 869 1800 defecerant,
885 1728 1041 1805 praesidis>

142 1830 217 1904 fuit3
242 1840 260 1891 a
276 1831 388 1908 quibus
404 1838 515 1908 magna
531 1831 665 1890 dunatus
680 1830 811 1908 pecunia
826 1832 956 1908 patriam
972 1833 1040 1892 sub
1062 1858 1090 1911 ις

109 1944 126 1994 3
144 1935 265 1994 levavit.
311 1938 414 2011 Atque
437 1934 468 1992 in
490 1935 551 1994 bric
573 1933 648 1993 illud
668 1935 700 1992 in
721 1944 825 2010 primis
841 1935 898 1994 luit
914 1918 1042 1995 admira·

144 2039 214 2110 bile,
232 2058 300 2097 cum
320 2037 453 2097 maxima
472 2047 598 2096 munera
612 2047 640 2096 ei
657 2038 696 2096 ab
711 2038 834 2114 regibus
849 2047 886 2097 ac
902 2040 1041 2117 dynastis

145 2141 384 2217 civitatibusque
400 2141 620 2213 conferrentur,
635 2142 717 2216 quod
733 2142 808 2199 nihil
831 2162 975 2218 umquam
991 2143 1043 2201 du

145 2265 228 2303 mum
249 2264 334 2304 suam
356 2244 495 2317 contulit,
512 2244 587 2302 nihil
609 2244 647 2303 de
668 2253 757 2316 victu,
775 2245 851 2302 nihil
871 2246 910 2304 de
930 2254 1042 2304 vestitu

111 2351 304 2408 4Lac6num
330 2347 466 2407 mutavit.
521 2348 622 2405 Domr'r
651 2347 762 2405 eadem
789 2347 849 2406 fuit
878 2358 1042 2407 contentus
1062 2375 1093 2408 20

146 2461 207 2528 qua
229 2452 445 2529 Eurysthenes,
463 2449 639 2526 prr'tgenitor
659 2450 808 2509 maibrum
831 2458 964 2523 suerum,
980 2451 1043 2509 tue-

146 2565 192 2614 rat
213 2565 304 2626 usus,
328 2573 419 2630 quarn
440 2563 493 2630 qui
514 2553 650 2625 intrarat,
669 2553 783 2611 nullum
804 2563 925 2630 signum
946 2554 1044 2613 libidi-

146 2658 203 2730 nis,
215 2659 331 2716 nullum
343 2657 479 2715 luxuriae
491 2656 595 2716 videre
606 2665 737 2732 poterat,
748 2665 855 2715 contra
867 2677 904 2716 ea
914 2657 1045 2734 plurima

145 2761 313 2837 patientiae
341 2770 433 2836 atque
460 2759 675 2817 abstinentiae.
730 2761 779 2817 Sic
806 2760 887 2818 enirn
913 2771 979 2819 erat
1002 2770 1044 2818 in-

147 2875 263 2924 structa
278 2873 310 2922 ut
327 2863 357 2920 in
374 2863 457 2920 nulla
472 2870 503 2920 re
519 2862 657 2920 differret
672 2861 807 2920 cuiusvis
829 2863 930 2939 inopis
951 2873 1044 2942 atque
1063 2891 1076 2924 2
1082 2890 1095 2941 5

146 2977 265 3045 privati.

110 3075 134 3136 8
189 3074 292 3146 Atque
308 3070 358 3128 hic
374 3077 477 3127 tantus
493 3068 538 3125 vir
554 3077 587 3126 ut
603 3077 741 3126 naturam
756 3069 917 3128 fautricem
932 3071 1044 3130 habue-

180 3228 196 3276 9
225 3213 283 3263 sine
305 3212 397 3276 dubis),
421 3212 624 3274 prosecta—14
654 3209 817 3276 deficerent,
841 3214 1046 3262 disciverant.-

148 3297 178 3348 18
197 3295 389 3364 auferrentur,
403 3296 584 3343 duantum-2
589 3307 602 3362 5
621 3294 720 3363 inopis,
734 3296 866 3361 pauperis.
