2509 3725
190 283 221 333 14
441 285 738 334 THEMISTOCLES.
773 284 796 343 6,
809 298 833 346 7.

188 453 310 511 duobus
332 452 476 525 victoriis,
498 453 696 512 Marathonio
719 462 750 511 et
773 452 948 525 Salaminia,
964 461 1083 511 tantam

187 555 316 632 gloriam
332 557 414 632 apud
430 564 536 615 omnes
551 564 661 633 gentes
676 567 764 616 erant
776 564 934 616 consecoti
949 565 982 615 ut
997 556 1084 615 intel-

188 658 324 735 legerent
348 660 586 718 Lacedaemonii
609 661 648 719 de
672 660 846 736 principoto
872 659 931 719 sibi
953 678 1023 718 cum
1044 659 1082 719 iis

153 865 341 925 4volebant.
387 868 555 943 Postquam
578 876 681 925 autem
701 866 864 925 audierunt
879 873 981 925 moros
996 875 1080 938 strui,
1118 880 1132 933 5

186 968 306 1045 legatos
321 971 462 1029 Athenas
478 978 634 1042 miserunt,
653 979 705 1047 qui
720 970 751 1029 id
766 971 832 1029 fieri
847 978 995 1029 veterent.
1021 972 1081 1029 His

185 1072 400 1147 praesentibus
417 1072 573 1131 desierunt
586 1082 622 1132 ac
634 1080 668 1133 se
684 1074 722 1132 de
738 1082 774 1132 eo
790 1081 821 1132 re
837 1074 955 1149 legotos
972 1074 1011 1131 ad
1027 1081 1081 1132 eos

152 1182 168 1232 5
186 1182 333 1235 missoros
349 1176 499 1235 dixerunt.
540 1177 634 1234 Hane
650 1176 834 1253 legationem
852 1175 988 1253 suscepit
1002 1177 1081 1234 The·

185 1278 342 1339 mistocles
355 1288 386 1337 et
397 1280 481 1338 solus
497 1287 595 1355 primo
610 1280 768 1356 proiectus
782 1289 848 1339 est:
864 1280 974 1356 reliqui
988 1281 1081 1356 legoti

185 1390 219 1439 ut
233 1391 297 1441 tum
313 1390 431 1441 exirent
446 1402 514 1441 cum
530 1383 606 1442 satis
628 1383 682 1442 alti
704 1383 821 1443 tuendo
838 1392 915 1442 mirri
934 1392 1080 1442 exstrocti
1101 1403 1131 1438 ro

185 1484 369 1558 viderentur,
393 1486 567 1563 praecepit:
594 1486 716 1545 interim
742 1494 858 1559 omnes,
882 1495 961 1545 servi
987 1496 1079 1561 atque

185 1588 281 1661 liberi,
298 1608 376 1665 opus
398 1590 537 1649 iacerent
559 1608 659 1667 neque
678 1589 731 1648 olli
746 1590 814 1649 loco
828 1599 997 1666 parcerent,
1014 1598 1079 1648 sive

185 1710 272 1752 sacer
286 1704 347 1751 sine
353 1693 514 1769 profonas,
527 1702 591 1752 sive
603 1702 741 1770 privatus
753 1703 836 1753 esset
848 1701 912 1752 sive
928 1693 1077 1770 poblicus,

185 1805 215 1855 et
231 1796 376 1872 undique,
393 1796 477 1874 quod
492 1797 638 1856 idoneum
653 1797 693 1855 ad
709 1796 907 1856 mimiendum
925 1806 1077 1874 putarent,

185 1910 394 1976 congererent.
421 1901 493 1974 Quo
507 1901 623 1959 factum
639 1910 687 1960 est
702 1911 736 1959 ut
750 1901 987 1960 Atheniensium
1003 1910 1079 1959 mirri
1100 1918 1128 1970 15

185 2023 221 2062 ex
237 2003 358 2062 sacellis
374 2004 584 2080 sepulcrisque
600 2012 787 2063 constarent.

148 2103 169 2162 7
226 2107 451 2166 Themistocles
485 2117 596 2175 autem,
624 2117 658 2166 ut
691 2108 956 2166 Lacedaemonem
985 2106 1077 2178 venit,

185 2211 268 2268 adire
281 2211 320 2268 ad
333 2211 530 2287 magistrotos
545 2211 644 2270 noluit
656 2220 687 2282 et
699 2211 785 2270 dedit
797 2230 921 2287 operam
937 2220 970 2268 ut
986 2229 1078 2286 quam

184 2314 361 2390 longissime
384 2325 505 2390 tempus
528 2314 663 2387 doceret,
680 2332 804 2372 causam
827 2314 1025 2390 interponens
1045 2321 1078 2371 se

150 2418 329 2493 2conlegos
360 2427 548 2494 exspectore.
594 2420 674 2476 Cum
707 2417 945 2476 Lacedaemonii
974 2435 1078 2492 quere·
1097 2434 1129 2468 20

184 2531 289 2579 rentur
318 2539 396 2597 opus
425 2520 522 2580 nihilo
551 2520 652 2579 minus
677 2521 743 2578 fieri
768 2538 899 2596 eumque
926 2520 956 2576 in
983 2527 1077 2578 cire

184 2631 288 2682 coniri
302 2624 419 2696 fallere,
435 2623 556 2683 interim
572 2623 682 2699 reliqui
702 2624 795 2700 legati
817 2633 888 2682 sunt
911 2631 1076 2683 consecoti.

183 2719 335 2804 siquibus
352 2746 420 2786 curn
437 2728 575 2786 audisset
588 2735 650 2787 non
663 2727 790 2785 multum
806 2745 969 2804 superesse
985 2735 1078 2784 mimi-

183 2831 286 2903 tionis,
298 2832 338 2889 ad
354 2831 485 2906 ephoros
499 2830 815 2890 Lacedaemoniorum
831 2831 970 2901 accessit,
982 2848 1078 2905 penes

184 2942 262 3010 quos
285 2953 437 2993 summurn
459 2943 524 2992 erat
547 2933 715 3010 imperium,
733 2943 825 3009 atque
841 2933 923 3010 apud
939 2941 993 2991 eos
1008 2952 1079 2991 con·
1097 2946 1127 2998 25

217 3121 230 3169 7
245 3096 391 3172 desierunt,
400 3108 600 3155 intermiserunt.
607 3121 664 3170 -9
675 3107 782 3171 reliqui,
792 3111 912 3154 cetero—
921 3120 951 3154 10
963 3106 1077 3171 exirent,

178 3191 409 3255 proficiscerentur.
418 3219 452 3226 —
464 3205 493 3250 14
505 3190 688 3247 mstniendunn
700 3192 798 3238 moenia
810 3191 939 3238 struenda.
948 3217 982 3225 -
992 3203 1019 3249 17
1036 3191 1077 3254 ut,

178 3283 322 3338 postquam.
332 3303 366 3310 —
376 3287 405 3320 22
419 3274 483 3323 sunt
499 3275 643 3338 consecuti,
652 3277 833 3335 pervenerunt.
842 3301 876 3309 -
886 3287 899 3320 2
904 3285 917 3338 5
929 3273 1077 3337 contendit,

183 3359 311 3422 affirmat.
