2509 3725
210 290 241 340 12
461 292 759 342 THEMISTOCLES.
794 308 817 353 4,
833 307 853 359 5.
874 318 877 321 ⁴

209 459 422 519 sacerdotibus
439 467 517 537 quos
534 459 565 517 in
583 478 653 520 arce
672 460 840 533 invenerat,
862 460 1007 521 incendio
1026 461 1104 520 dele

174 573 191 625 2
208 562 260 621 vit.
306 562 402 622 Cuius
417 563 540 623 flammai
562 564 715 641 perterriti
731 564 880 624 classiarii
895 584 965 623 cum
981 571 1104 624 manere

208 674 272 725 non
289 666 437 725 auderent
458 676 489 725 et
509 667 630 743 plorimi
649 669 844 727 hortarentur
859 677 892 727 ut
907 668 1016 727 domos
1031 676 1104 727 suris

209 769 404 829 discederent
433 770 658 848 moenibusque
687 779 720 831 se
750 771 960 844 defenderent,
983 771 1105 830 Themi-

208 873 323 932 stocles
344 882 421 931 imus
443 872 555 931 restitit
575 883 606 932 et
627 873 786 933 universos
807 880 898 951 pares
920 893 989 933 esse
1011 892 1104 951 posse
1141 888 1154 940 5

208 976 320 1047 siebat,
342 975 500 1052 dispersos
523 977 694 1035 testabatur
715 976 874 1054 perituros
896 976 990 1054 idque
1014 979 1105 1056 Eury·

208 1079 301 1151 biadi,
334 1086 396 1155 regi
434 1079 758 1153 Lacedaemoniorum,
786 1090 838 1157 qui
871 1091 935 1139 tum
967 1100 1103 1140 summae

175 1191 192 1241 3
209 1182 316 1259 imperi
332 1192 479 1259 praeerat,
496 1183 562 1240 fore
578 1183 773 1243 adfirmabat.
803 1185 903 1259 Quem
919 1203 988 1243 cum
1003 1184 1104 1243 minus

209 1306 301 1363 quam
330 1286 421 1344 vellet
447 1292 592 1358 moveret,
618 1296 712 1346 noctu
738 1288 776 1345 de
802 1297 898 1347 servis
924 1297 987 1347 suis
1013 1305 1104 1364 quem

208 1390 317 1448 habuit
338 1389 549 1448 fidelissimum
571 1391 610 1448 ad
631 1398 732 1467 regem
752 1390 842 1462 misit,
859 1400 892 1449 ut
907 1400 935 1449 ei
950 1390 1105 1450 nimtiiret
1125 1411 1156 1447 ιο

175 1498 273 1552 4=suis
302 1493 403 1551 verbis
436 1492 629 1553 adversarios
655 1494 721 1553 eius
745 1494 775 1551 in
798 1494 872 1570 fugi
894 1512 979 1551 esse:
1005 1500 1105 1569 quisi

209 1595 436 1669 discessissent,
462 1596 578 1656 maiore
605 1615 675 1654 cum
704 1597 809 1655 labore
834 1606 865 1654 et
891 1595 1105 1672 longinquiore

209 1709 346 1776 tempore
362 1699 477 1758 bellum
493 1701 713 1772 confecturum,
730 1718 799 1757 cum
822 1699 959 1775 singulos
981 1706 1106 1759 consec·
1148 1733 1152 1737 Δ

209 1812 267 1864 tari
289 1810 469 1881 cogeretur:
499 1811 577 1880 quos
600 1812 626 1862 si
649 1802 751 1861 statim
774 1803 997 1880 aggrederetur,
1020 1803 1106 1861 brevi

210 1907 370 1967 universos
386 1918 612 1985 oppressorum.
638 1909 710 1966 Hoc
725 1913 763 1966 eo
778 1907 952 1977 volebatur
968 1906 1106 1983 ingratiis
1127 1930 1157 1983 15

177 2015 193 2064 5
211 2010 250 2068 ad
266 2010 505 2088 deprignandum
521 2018 628 2070 omnes
644 2018 834 2087 cogerentur.
868 2011 938 2068 Hac
954 2017 985 2068 re
1001 2009 1106 2068 audita

210 2115 368 2187 barbarus,
385 2114 460 2173 nibil
484 2113 547 2174 doli
570 2114 700 2173 subesse
719 2114 857 2184 credens,
873 2113 1021 2188 postridie
1037 2113 1106 2172 alie·

212 2217 340 2277 nissimo
363 2217 421 2275 sibi
444 2218 521 2288 loco,
545 2225 652 2274 contri
674 2215 936 2292 opportunissimo
955 2215 1105 2287 hostibus,

212 2322 291 2380 adeo
324 2327 455 2396 angusto
492 2328 566 2377 mari
603 2318 741 2378 conflixit
778 2329 811 2377 ut
843 2318 910 2377 eius
944 2317 1107 2377 multitudo

213 2424 335 2484 nivium
365 2422 511 2498 explicari
540 2429 602 2481 non
633 2421 775 2497 potuerit.
819 2423 929 2481 Victus
958 2428 1030 2499 ergo
1060 2431 1108 2480 est
1126 2447 1158 2482 20

212 2526 309 2603 magis
325 2523 417 2583 etiam
434 2525 564 2585 consilio
580 2524 783 2583 Themistocli
799 2544 891 2600 quam
907 2534 999 2584 armis
1015 2525 1108 2585 Grae-

212 2631 286 2689 ciac.

173 2733 197 2792 5
255 2735 317 2790 Hic
334 2742 393 2791 etsi
405 2732 483 2790 male
499 2750 561 2789 rem
577 2739 725 2808 gesserat,
737 2740 838 2788 tamen
855 2738 958 2789 tantis
973 2730 1109 2789 habebat

213 2835 358 2911 reliquiis
371 2834 526 2911 copiarum
540 2842 573 2892 ut
585 2834 677 2891 etiam
690 2842 754 2891 tum
767 2832 804 2890 iis
816 2832 987 2909 opprimere
1003 2843 1108 2910 posset

212 2941 327 2998 hostes
360 2941 474 2997 Iterum
490 2938 530 2996 ab
546 2938 656 2997 eodem
670 2937 767 3013 gradu
783 2936 929 3012 depulsus
945 2946 1001 2995 est.
1028 2939 1108 2995 Nam
1128 2961 1141 2994 2
1146 2962 1158 3011 5

255 3127 270 3173 4
282 3113 459 3176 discederent,
473 3112 577 3159 abirent.
587 3138 621 3146 —
630 3109 646 3158 6
656 3110 759 3173 iiebat,
772 3109 874 3158 dicebat.
884 3121 942 3171 —9
954 3111 1043 3174 nocti,
1057 3126 1110 3158 noc-

213 3203 293 3245 turno
307 3203 497 3257 tempora—12
514 3192 714 3257 discessissent,
731 3194 893 3256 qszigissent,·
912 3193 1108 3258 longinquiore,

213 3281 331 3342 longiore.
341 3307 375 3316 —
387 3292 416 3338 14
437 3278 635 3340 aggrederetur,
654 3279 774 3338 impetum
789 3276 889 3340 jaceret
905 3278 941 3322 in.
951 3304 985 3311 —
997 3289 1023 3336 17
1044 3275 1108 3339 doli,

206 3365 324 3428 fraudis.
334 3389 367 3398 —
378 3375 408 3421 24
421 3361 580 3426 opprimere,
593 3361 728 3408 devincere.
