2509 3725
452 304 668 353 MILTIADES.
705 317 727 360 2,
740 317 763 367 3.
1038 302 1054 352 3

87 546 98 562 ,
156 424 400 536 adversaiidrum
423 481 513 549 capti,
531 471 673 531 resistere
696 479 764 529 ausi
783 477 846 529 nen
868 479 940 529 sunt
960 479 1053 547 atque

156 684 212 755 les
235 700 313 758 quae
336 677 716 769 Cyclades‘neminantur,
738 678 795 735 sub
817 675 1053 735 Atheniensium

156 786 275 862 redegit
289 792 483 862 potestatem.

117 894 142 955 3
200 889 314 947 lisdem
336 886 526 964 temporibus
547 888 707 943 Persairum
723 890 776 942 rex
791 884 912 942 Dareus
928 902 965 942 ex
978 883 1053 943 Asia
1090 902 1104 954 5

157 994 189 1052 in
207 994 359 1069 Eurepam
375 991 509 1050 exercitii
525 989 655 1048 traiecti)
672 987 794 1065 Scythis
810 986 925 1045 bellum
941 987 1053 1046 inferre

157 1095 301 1155 decrevit.
333 1098 463 1155 Pentem
474 1094 548 1153 iecit
563 1094 594 1152 in
607 1094 716 1153 Histrr‘)
728 1091 861 1165 flimine,
873 1099 934 1169 qua
947 1093 1053 1169 eripies

157 1200 339 1259 traduceret.
374 1184 447 1259 liius
463 1199 576 1276 pontis,
590 1199 663 1257 dum
678 1198 745 1274 ipse
761 1198 893 1270 abesset,
907 1198 1053 1256 eistedes

157 1304 280 1382 reliquit
301 1306 457 1382 principes
480 1313 558 1382 ques
580 1312 684 1363 secum
707 1323 745 1363 ex
764 1303 853 1363 leniri
873 1313 904 1362 et
923 1302 1052 1362 Aeolide

157 1410 303 1469 drixerat:
328 1410 439 1486 quibus
462 1409 592 1485 singulis
615 1418 739 1468 suerum
761 1409 882 1467 urbium
904 1415 1053 1484 perpetua
1074 1426 1103 1460 ιο

119 1513 286 1573 2dederat
315 1513 450 1590 imperia.
506 1514 556 1571 Sic
585 1512 668 1570 enim
697 1512 842 1570 facillime
872 1511 990 1588 putevit
1020 1517 1053 1568 se

158 1618 278 1676 Graeca
297 1617 401 1693 lingue
418 1617 589 1693 loquentes
608 1624 661 1691 qui
677 1614 783 1673 Asiam
799 1614 978 1686 incolerent,
995 1614 1053 1671 sub

158 1727 215 1778 sue
244 1728 431 1779 retenturum
460 1727 623 1796 potestate,
655 1728 681 1777 si
710 1727 816 1776 amicis
846 1727 910 1777 suis
939 1717 1054 1794 oppida

155 1811 274 1882 ¹tuenda
296 1822 483 1896 tredidisset,
507 1822 618 1900 quibus
646 1828 679 1882 se
705 1828 854 1898 oppresse
876 1821 959 1880 milla
982 1828 1053 1898 spes

157 1926 266 1986 saletis
296 1925 525 2003 relinqueretur.
586 1929 623 1984 ln
654 1926 713 1985 hec
745 1925 803 1984 fuit
832 1935 896 1983 tum
926 1933 1053 1984 numere
1074 1942 1104 1994 15

120 2029 319 2090 3Miltiades
345 2029 394 2089 cui
420 2029 473 2089 illa
498 2029 641 2089 cirstedia
667 2029 849 2089 crederetur.
897 2030 959 2087 Hic
984 2047 1053 2086 cum

157 2134 257 2193 crebri
285 2133 442 2192 adferrent
470 2133 569 2192 nimtii
595 2133 674 2191 male
695 2150 758 2191 rem
787 2150 892 2210 gerere
920 2133 1054 2190 Direum

157 2246 315 2314 premique
338 2245 357 2295 e
380 2238 511 2315 Scythis,
537 2235 695 2294 Miltiades
717 2237 858 2294 hortatus
881 2245 928 2294 est
949 2235 1054 2310 pentis

157 2341 303 2400 eistedes
319 2347 358 2399 ne
373 2349 391 2398 e
406 2340 528 2399 fortuni
543 2339 648 2398 datam
664 2338 859 2397 occisionem
876 2338 1054 2397 liberandae

120 2451 141 2502 4
158 2443 307 2503 Graeciae
330 2442 526 2502 dimitterent.
573 2444 653 2500 Nam
669 2451 695 2499 si
713 2461 782 2500 cum
801 2441 838 2500 iis
856 2441 955 2517 cripiis
977 2450 1054 2517 queis
1073 2461 1105 2497 20

158 2553 263 2606 secum
284 2553 506 2622 transporterat
527 2543 695 2603 interiisset
718 2546 846 2617 Dareus
871 2552 932 2604 nen
956 2544 1054 2603 selum

159 2652 312 2726 Eurripam
341 2650 407 2708 fore
437 2657 544 2720 tutam,
572 2648 628 2706 sed
661 2647 752 2706 etiam
782 2655 836 2707 ees
865 2657 918 2723 qui
948 2648 1055 2706 Asiam

158 2753 329 2811 incolerent
341 2753 453 2812 Graeci
467 2770 580 2828 genere
596 2750 710 2810 liberes
725 2759 743 2809 e
759 2751 920 2820 Persarum
935 2752 1055 2810 futures

158 2855 367 2915 dominetiene
384 2865 414 2914 et
431 2853 576 2931 periculi).
615 2854 653 2912 Id
677 2862 707 2912 et
729 2854 820 2912 facile
843 2855 921 2913 effici
943 2873 1053 2930 posse:

130 3009 133 3016 .
158 2966 254 3035 pente
279 2959 360 3018 enim
382 2958 516 3016 rescisse
540 2964 643 3032 regem
667 2956 715 3014 vel
739 2957 874 3016 hostium
901 2957 982 3017 ferre
1006 2957 1054 3016 vel
1074 2976 1105 3028 25

71 3059 73 3066 “
120 3067 139 3116 5
158 3060 264 3138 inopie
279 3071 385 3138 paucis
401 3061 510 3119 diebus
526 3059 727 3118 interiturum.
759 3060 808 3118 Ad
821 3060 880 3119 hec
892 3059 1055 3119 censilium

140 3218 153 3257 '.=
201 3207 214 3262 a
233 3213 427 3277 demigrirunt,
443 3214 615 3261 discesserunt.
626 3241 660 3248 —
668 3213 737 3277 pari,
751 3214 839 3260 simili.
849 3240 883 3247 —
892 3214 1003 3278 ceteris,
1021 3230 1056 3261 re·

156 3285 324 3360 liquere-6
337 3296 459 3359 iriiectt'),
479 3295 681 3355 traducta-17
704 3294 797 3358 crebri,
814 3295 1051 3358 frequentis—21

157 3377 319 3443 interiisset,
331 3377 455 3440 periisset.
