2509 3725
454 228 674 283 PAUSANIAS.
710 244 769 297 3,4.
1026 224 1059 278 23

163 399 290 461 Hilatae
312 410 446 473 vocatur,
475 409 604 477 quarum
633 409 746 477 magna
775 399 939 458 multitada
968 405 1059 474 agras

163 504 478 564 Lacedaemoniarum
494 504 567 562 colit
583 511 801 579 servatumque
816 512 941 561 manere
960 501 1059 578 fungi-

160 616 218 667 tur.
265 608 334 667 Has
350 626 473 684 quoque
489 606 655 666 sollicitare
671 614 725 682 spe
742 605 892 664 libertatis
907 604 1060 663 existima·

127 715 144 765 7
160 711 259 769 batur.
299 710 361 769 Sed
376 710 460 787 quod
475 710 583 769 harum
598 717 698 768 rerum
714 709 829 766 millum
843 717 908 766 erat
920 717 1059 784 apertum
1163 699 1165 703 ’

161 822 274 871 crimen
305 822 366 889 qua
396 822 481 889 argui
516 822 632 890 posset,
663 820 726 872 nan
755 813 907 888 putabant
936 812 975 870 de
1005 812 1059 870 tali
1095 824 1108 876 5

160 926 285 992 tamque
300 917 384 975 clara
396 916 462 975 vira
478 915 707 993 suspicianibus
723 922 864 992 oportere
880 914 1017 987 iudicari,
1028 924 1059 973 et

161 1019 404 1096 exspectandum
420 1020 493 1078 dum
509 1027 542 1078 se
558 1019 625 1097 ipsa
641 1026 689 1078 res
705 1027 845 1095 aperiret.

203 1122 331 1181 Interim
361 1122 496 1200 Argilius
526 1123 651 1198 quidam
681 1122 938 1194 adulescentulus,
967 1141 1058 1198 quem

160 1244 289 1302 puerum
313 1227 484 1285 Pausanias
507 1226 663 1299 dilexerat,
681 1245 751 1284 cum
773 1226 936 1302 epistulam
959 1226 998 1284 ab
1021 1234 1058 1286 ea

160 1330 201 1389 ad
230 1330 418 1389 Artabazum
448 1330 630 1407 acetipisset,
661 1338 751 1405 eique
785 1329 816 1388 in
849 1328 1057 1405 suspicionem
1078 1349 1108 1384 10

160 1433 297 1493 venisset
318 1433 436 1510 aliquid
462 1434 492 1491 in
519 1442 557 1492 ea
583 1434 621 1492 da
648 1440 681 1491 sa
701 1452 770 1491 esse
796 1441 952 1508 scriptum,
975 1435 1058 1509 quod

160 1545 251 1597 nema
277 1546 382 1598 earum
404 1538 535 1597 redisset
565 1546 616 1613 qui
640 1555 733 1613 super
753 1537 808 1595 tali
830 1545 926 1595 causa
948 1537 1058 1596 eadem

160 1650 246 1699 missi
270 1650 366 1714 erant,
390 1640 491 1699 vinela
516 1640 668 1717 epistulae
692 1640 807 1698 laxavit
833 1648 983 1717 signaque
1009 1640 1059 1699 de·

160 1752 258 1812 tracta
274 1744 426 1821 cagnavit,
444 1753 470 1802 si
485 1744 670 1821 pertulisset,
688 1743 747 1803 sibi
766 1762 835 1802 esse
857 1743 1057 1820 pereundum.

123 1834 144 1907 '2
162 1850 257 1908 Erant
279 1848 310 1906 in
333 1848 442 1908 eadem
464 1847 596 1926 epistula
619 1867 698 1924 quae
724 1846 764 1906 ad
789 1867 826 1907 ea
851 1847 1057 1925 pertinebant,
1079 1865 1109 1919 15

161 1971 240 2028 quae
257 1951 336 2010 inter
350 1959 453 2028 regem
466 1951 713 2027 Pausaniamque
726 1959 942 2011 convenerant.
989 1955 1058 2012 Has

127 2055 144 2106 3
160 2055 210 2113 ille
226 2055 343 2114 litteras
360 2055 483 2132 ephoris
499 2055 634 2113 tradidit.
680 2057 752 2114 Nan
767 2064 814 2113 est
834 2057 1059 2132 praetereunda

159 2158 294 2235 gravitas
308 2157 623 2217 Lacedaemoniarum
640 2158 699 2217 hac
711 2158 789 2218 loca.
824 2162 904 2217 Nam
917 2167 955 2218 na
966 2157 1058 2218 h'irius

161 2261 285 2337 quidem
301 2261 415 2321 indicia
431 2261 555 2337 impulsi
570 2270 652 2333 sunt,
669 2271 702 2320 ut
719 2262 903 2320 Pausaniam
924 2281 1059 2339 compre-

160 2364 340 2436 henderent,
355 2383 454 2440 neque
471 2363 555 2440 prius
571 2364 633 2422 vim
649 2364 857 2423 adhibendam
873 2372 1059 2441 putaverunt
1078 2382 1109 2417 20

160 2487 252 2543 quam
268 2475 301 2526 se
324 2467 390 2543 ipse
413 2466 592 2526 indicasset.
639 2469 748 2542 Itaque
770 2467 841 2525 huic
863 2467 966 2539 indici,
984 2467 1059 2544 quid

126 2571 225 2628 4fieri
253 2570 375 2642 vellent,
406 2577 639 2646 praeceperunt.
692 2571 809 2628 Fanum
841 2573 978 2647 Neptani
1011 2581 1058 2630 est

160 2675 301 2744 Taenari,
319 2674 403 2749 quod
418 2672 525 2731 violari
541 2674 630 2732 nefas
647 2681 758 2749 putant
778 2676 897 2733 Graeci.
943 2676 988 2734 Εό
1008 2674 1059 2733 ille

160 2776 253 2834 index
282 2776 419 2853 caufagit
448 2775 478 2834 in
509 2785 623 2852 araque
653 2777 802 2836 censedit.
856 2780 949 2836 Hanc
975 2777 1059 2836 iaxta

159 2880 261 2939 locum
279 2881 418 2939 iecerunt
440 2880 497 2938 sub
519 2889 600 2938 terra
627 2899 664 2938 ex
691 2887 752 2956 qua
777 2891 884 2958 posset
909 2882 1016 2954 audiri,
1033 2890 1059 2940 si
1078 2894 1109 2946 25

160 2982 229 3059 quis
246 2982 321 3060 quid
335 2983 511 3058 loqueretur
526 3002 594 3041 cum
612 2983 739 3059 Argilia.
785 2985 857 3042 Hac
875 3003 912 3042 ex
935 2985 1058 3062 ephoris

126 3087 142 3136 5
160 3087 286 3164 quidam
308 3087 543 3146 descenderunt.
589 3086 770 3159 Pausanias,
787 3096 820 3146 ut
842 3087 959 3147 audivit
974 3092 1061 3166 Argi-

203 3245 216 3278 2
240 3233 357 3295 manere,
382 3231 510 3293 qfficia-
525 3243 553 3276 12
581 3243 671 3295 super,
696 3231 779 3278 da—
793 3244 822 3292 19
846 3230 961 3295 impulsi
983 3234 1057 3298 snut,

158 3315 262 3363 inducti
269 3321 337 3361 sunt.
347 3343 381 3349 —
391 3327 421 3360 22
440 3311 545 3377 finum,
561 3315 692 3374 templum.
700 3342 734 3349 —
744 3327 775 3373 24
792 3313 879 3379 iuxta,
892 3321 980 3377 prope.
