<?xml version="1.0" encoding="UTF-8"?>
<!DOCTYPE html PUBLIC "-//W3C//DTD XHTML 1.0 Transitional//EN"
    "http://www.w3.org/TR/xhtml1/DTD/xhtml1-transitional.dtd">
<html xmlns="http://www.w3.org/1999/xhtml" xml:lang="en" lang="en">
 <head>
  <title>
</title>
<meta http-equiv="Content-Type" content="text/html;charset=utf-8" />
  <meta name='ocr-system' content='tesseract 3.04.00' />
  <meta name='ocr-capabilities' content='ocr_page ocr_carea ocr_par ocr_line ocrx_word'/>
</head>
<body>
  <div class='ocr_page' id='page_1' title='image "./selectedlivesfr02nepogoog_0039.png"; bbox 0 0 2509 3725; ppageno 0'>
   <div class='ocr_carea' id='block_1_1' title="bbox 395 292 1036 360">
    <p class='ocr_par' dir='ltr' id='par_1_1' title="bbox 395 292 1036 360">
     <span class='ocr_line' id='line_1_1' title="bbox 395 292 1036 360; baseline 0 -17"><span class='ocrx_word' id='word_1_1' title='bbox 395 294 692 343; x_wconf 75' lang='lat' dir='ltr'>rusursrocres</span> <span class='ocrx_word' id='word_1_2' title='bbox 729 294 786 360; x_wconf 58' lang='lat' dir='ltr'>,a</span> <span class='ocrx_word' id='word_1_3' title='bbox 1006 292 1036 343; x_wconf 88' lang='lat'>13</span> 
     </span>
    </p>
   </div>
   <div class='ocr_carea' id='block_1_2' title="bbox 101 462 1084 1884">
    <p class='ocr_par' dir='ltr' id='par_1_2' title="bbox 138 462 1037 745">
     <span class='ocr_line' id='line_1_2' title="bbox 140 462 1037 539; baseline 0 -18"><span class='ocrx_word' id='word_1_4' title='bbox 140 463 364 522; x_wconf 89' lang='lat' dir='ltr'>Themistocles</span> <span class='ocrx_word' id='word_1_5' title='bbox 387 470 496 523; x_wconf 89' lang='lat' dir='ltr'>verens</span> <span class='ocrx_word' id='word_1_6' title='bbox 516 470 555 521; x_wconf 89' lang='lat' dir='ltr'>ne</span> <span class='ocrx_word' id='word_1_7' title='bbox 577 462 693 521; x_wconf 81' lang='lat' dir='ltr'>bellere</span> <span class='ocrx_word' id='word_1_8' title='bbox 715 468 934 539; x_wconf 81' lang='lat' dir='ltr'>persevereret,</span> <span class='ocrx_word' id='word_1_9' title='bbox 950 462 1037 521; x_wconf 91' lang='lat' dir='ltr'>certi·</span> 
     </span>
     <span class='ocr_line' id='line_1_3' title="bbox 139 564 1036 643; baseline -0.001 -18"><span class='ocrx_word' id='word_1_10' title='bbox 139 574 222 625; x_wconf 75' lang='lat' dir='ltr'>&lt;irem</span> <span class='ocrx_word' id='word_1_11' title='bbox 244 586 314 625; x_wconf 91' lang='lat' dir='ltr'>eurn</span> <span class='ocrx_word' id='word_1_12' title='bbox 335 566 410 625; x_wconf 77' lang='lat' dir='ltr'>fecit</span> <span class='ocrx_word' id='word_1_13' title='bbox 425 565 457 625; x_wconf 93' lang='lat' dir='ltr'>id</span> <span class='ocrx_word' id='word_1_14' title='bbox 473 575 531 643; x_wconf 86' lang='lat' dir='ltr'>agi,</span> <span class='ocrx_word' id='word_1_15' title='bbox 551 575 584 625; x_wconf 92' lang='lat' dir='ltr'>ut</span> <span class='ocrx_word' id='word_1_16' title='bbox 599 573 679 641; x_wconf 80' lang='lat' dir='ltr'>pens</span> <span class='ocrx_word' id='word_1_17' title='bbox 695 584 786 642; x_wconf 89' lang='lat' dir='ltr'>quern</span> <span class='ocrx_word' id='word_1_18' title='bbox 806 565 857 623; x_wconf 90' lang='lat' dir='ltr'>ille</span> <span class='ocrx_word' id='word_1_19' title='bbox 879 564 911 623; x_wconf 92' lang='lat' dir='ltr'>in</span> <span class='ocrx_word' id='word_1_20' title='bbox 932 564 1036 625; x_wconf 82' lang='lat' dir='ltr'>Helle-</span> 
     </span>
     <span class='ocr_line' id='line_1_4' title="bbox 138 668 1035 745; baseline -0.002 -16"><span class='ocrx_word' id='word_1_21' title='bbox 138 677 251 745; x_wconf 80' lang='lat' dir='ltr'>sponto</span> <span class='ocrx_word' id='word_1_22' title='bbox 280 670 403 742; x_wconf 84' lang='lat' dir='ltr'>lecerat,</span> <span class='ocrx_word' id='word_1_23' title='bbox 428 668 648 728; x_wconf 63' lang='lat' dir='ltr'>dissolveretur</span> <span class='ocrx_word' id='word_1_24' title='bbox 676 678 713 727; x_wconf 78' lang='lat' dir='ltr'>ec</span> <span class='ocrx_word' id='word_1_25' title='bbox 741 668 841 726; x_wconf 84' lang='lat' dir='ltr'>reditir</span> <span class='ocrx_word' id='word_1_26' title='bbox 871 668 901 726; x_wconf 96' lang='lat' dir='ltr'>in</span> <span class='ocrx_word' id='word_1_27' title='bbox 928 668 1035 727; x_wconf 88' lang='lat' dir='ltr'>Asiam</span> 
     </span>
    </p>

    <p class='ocr_par' dir='ltr' id='par_1_3' title="bbox 106 771 1084 1053">
     <span class='ocr_line' id='line_1_5' title="bbox 106 771 1035 849; baseline 0.002 -20"><span class='ocrx_word' id='word_1_28' title='bbox 106 773 357 845; x_wconf 80' lang='lat' dir='ltr'>2excli1deretur‚</span> <span class='ocrx_word' id='word_1_29' title='bbox 383 772 476 848; x_wconf 92' lang='lat' dir='ltr'>idque</span> <span class='ocrx_word' id='word_1_30' title='bbox 498 780 527 830; x_wconf 93' lang='lat' dir='ltr'>ei</span> <span class='ocrx_word' id='word_1_31' title='bbox 549 771 712 847; x_wconf 63' lang='lat' dir='ltr'>persuasit.</span> <span class='ocrx_word' id='word_1_32' title='bbox 758 773 868 849; x_wconf 86' lang='lat' dir='ltr'>Itaque</span> <span class='ocrx_word' id='word_1_33' title='bbox 894 780 955 848; x_wconf 77' lang='lat' dir='ltr'>que</span> <span class='ocrx_word' id='word_1_34' title='bbox 981 790 1035 831; x_wconf 85' lang='lat' dir='ltr'>sex</span> 
     </span>
     <span class='ocr_line' id='line_1_6' title="bbox 138 874 1084 952; baseline 0 -18"><span class='ocrx_word' id='word_1_35' title='bbox 138 876 297 935; x_wconf 91' lang='lat' dir='ltr'>mensibus</span> <span class='ocrx_word' id='word_1_36' title='bbox 312 875 369 935; x_wconf 90' lang='lat' dir='ltr'>iter</span> <span class='ocrx_word' id='word_1_37' title='bbox 383 876 509 948; x_wconf 85' lang='lat' dir='ltr'>lecerat,</span> <span class='ocrx_word' id='word_1_38' title='bbox 526 874 636 933; x_wconf 80' lang='lat' dir='ltr'>eedem</span> <span class='ocrx_word' id='word_1_39' title='bbox 658 874 760 933; x_wconf 91' lang='lat' dir='ltr'>minus</span> <span class='ocrx_word' id='word_1_40' title='bbox 780 874 890 933; x_wconf 91' lang='lat' dir='ltr'>diebus</span> <span class='ocrx_word' id='word_1_41' title='bbox 911 874 1034 952; x_wconf 77' lang='lat' dir='ltr'>triginte</span> <span class='ocrx_word' id='word_1_42' title='bbox 1071 887 1084 941; x_wconf 87' lang='grc'><strong>5</strong></span> 
     </span>
     <span class='ocr_line' id='line_1_7' title="bbox 138 977 1035 1053; baseline 0 -16"><span class='ocrx_word' id='word_1_43' title='bbox 138 980 168 1037; x_wconf 91' lang='lat' dir='ltr'>in</span> <span class='ocrx_word' id='word_1_44' title='bbox 195 979 303 1038; x_wconf 90' lang='lat' dir='ltr'>Asiam</span> <span class='ocrx_word' id='word_1_45' title='bbox 329 997 469 1038; x_wconf 90' lang='lat' dir='ltr'>reversus</span> <span class='ocrx_word' id='word_1_46' title='bbox 496 987 544 1037; x_wconf 93' lang='lat' dir='ltr'>est</span> <span class='ocrx_word' id='word_1_47' title='bbox 569 984 665 1053; x_wconf 87' lang='lat' dir='ltr'>seque</span> <span class='ocrx_word' id='word_1_48' title='bbox 690 986 710 1037; x_wconf 77' lang='lat' dir='ltr'>e</span> <span class='ocrx_word' id='word_1_49' title='bbox 735 977 945 1037; x_wconf 87' lang='lat' dir='ltr'><strong>Themistocle</strong></span> <span class='ocrx_word' id='word_1_50' title='bbox 971 986 1035 1037; x_wconf 76' lang='lat' dir='ltr'>nen</span> 
     </span>
    </p>

    <p class='ocr_par' dir='ltr' id='par_1_4' title="bbox 105 1080 1084 1673">
     <span class='ocr_line' id='line_1_8' title="bbox 105 1080 1034 1158; baseline 0.001 -19"><span class='ocrx_word' id='word_1_51' title='bbox 105 1084 324 1158; x_wconf 75' lang='lat' dir='ltr'>3superetum,</span> <span class='ocrx_word' id='word_1_52' title='bbox 348 1083 404 1140; x_wconf 90' lang='lat' dir='ltr'>sed</span> <span class='ocrx_word' id='word_1_53' title='bbox 428 1089 646 1141; x_wconf 76' lang='lat' dir='ltr'>censcrvetum</span> <span class='ocrx_word' id='word_1_54' title='bbox 670 1080 825 1140; x_wconf 78' lang='lat' dir='ltr'>iiidicevit.</span> <span class='ocrx_word' id='word_1_55' title='bbox 871 1082 1034 1141; x_wconf 76' lang='lat' dir='ltr'>Sicinius</span> 
     </span>
     <span class='ocr_line' id='line_1_9' title="bbox 137 1183 1034 1261; baseline 0.001 -19"><span class='ocrx_word' id='word_1_56' title='bbox 137 1185 193 1242; x_wconf 87' lang='lat' dir='ltr'>viri</span> <span class='ocrx_word' id='word_1_57' title='bbox 208 1184 371 1261; x_wconf 73' lang='lat' dir='ltr'>pnidentie</span> <span class='ocrx_word' id='word_1_58' title='bbox 387 1183 519 1244; x_wconf 87' lang='lat' dir='ltr'>Graecia</span> <span class='ocrx_word' id='word_1_59' title='bbox 542 1184 672 1243; x_wconf 76' lang='lat' dir='ltr'>libereta</span> <span class='ocrx_word' id='word_1_60' title='bbox 687 1193 735 1243; x_wconf 93' lang='lat' dir='ltr'>est</span> <span class='ocrx_word' id='word_1_61' title='bbox 751 1185 953 1260; x_wconf 78' lang='lat' dir='ltr'>Eurepaeque</span> <span class='ocrx_word' id='word_1_62' title='bbox 969 1202 1034 1243; x_wconf 91' lang='lat' dir='ltr'>suc-</span> 
     </span>
     <span class='ocr_line' id='line_1_10' title="bbox 137 1286 1033 1363; baseline 0 -18"><span class='ocrx_word' id='word_1_63' title='bbox 137 1287 244 1346; x_wconf 88' lang='lat' dir='ltr'>cubuit</span> <span class='ocrx_word' id='word_1_64' title='bbox 267 1287 351 1346; x_wconf 87' lang='lat' dir='ltr'>Asia.</span> <span class='ocrx_word' id='word_1_65' title='bbox 407 1289 497 1345; x_wconf 92' lang='lat' dir='ltr'>Haec</span> <span class='ocrx_word' id='word_1_66' title='bbox 521 1296 569 1345; x_wconf 88' lang='lat' dir='ltr'>est</span> <span class='ocrx_word' id='word_1_67' title='bbox 593 1287 688 1345; x_wconf 86' lang='lat' dir='ltr'>altera</span> <span class='ocrx_word' id='word_1_68' title='bbox 712 1286 840 1345; x_wconf 77' lang='lat' dir='ltr'>victeria</span> <span class='ocrx_word' id='word_1_69' title='bbox 861 1305 941 1363; x_wconf 89' lang='lat' dir='ltr'>quae</span> <span class='ocrx_word' id='word_1_70' title='bbox 965 1306 1033 1345; x_wconf 93' lang='lat' dir='ltr'>cum</span> 
     </span>
     <span class='ocr_line' id='line_1_11' title="bbox 138 1390 1084 1467; baseline 0 -20"><span class='ocrx_word' id='word_1_71' title='bbox 138 1390 337 1450; x_wconf 80' lang='lat' dir='ltr'>Marathenie</span> <span class='ocrx_word' id='word_1_72' title='bbox 360 1390 459 1467; x_wconf 87' lang='lat' dir='ltr'>possit</span> <span class='ocrx_word' id='word_1_73' title='bbox 485 1398 657 1466; x_wconf 65' lang='lat' dir='ltr'>comparari</span> <span class='ocrx_word' id='word_1_74' title='bbox 682 1397 819 1465; x_wconf 65' lang='lat' dir='ltr'>tropaei).</span> <span class='ocrx_word' id='word_1_75' title='bbox 864 1392 945 1447; x_wconf 88' lang='lat' dir='ltr'>Nam</span> <span class='ocrx_word' id='word_1_76' title='bbox 967 1399 1033 1465; x_wconf 90' lang='lat' dir='ltr'>pari</span> <span class='ocrx_word' id='word_1_77' title='bbox 1054 1412 1084 1447; x_wconf 92' lang='lat'>10</span> 
     </span>
     <span class='ocr_line' id='line_1_12' title="bbox 137 1492 1034 1569; baseline -0.001 -18"><span class='ocrx_word' id='word_1_78' title='bbox 137 1495 230 1553; x_wconf 75' lang='lat' dir='ltr'>mode</span> <span class='ocrx_word' id='word_1_79' title='bbox 246 1493 328 1569; x_wconf 88' lang='lat' dir='ltr'>apud</span> <span class='ocrx_word' id='word_1_80' title='bbox 345 1493 500 1552; x_wconf 81' lang='lat' dir='ltr'>Salamina</span> <span class='ocrx_word' id='word_1_81' title='bbox 511 1501 607 1569; x_wconf 77' lang='lat' dir='ltr'>parve</span> <span class='ocrx_word' id='word_1_82' title='bbox 619 1500 748 1553; x_wconf 76' lang='lat' dir='ltr'>numere</span> <span class='ocrx_word' id='word_1_83' title='bbox 763 1492 887 1552; x_wconf 66' lang='lat' dir='ltr'>nervium</span> <span class='ocrx_word' id='word_1_84' title='bbox 902 1493 1034 1553; x_wconf 64' lang='lat' dir='ltr'>maxima</span> 
     </span>
     <span class='ocr_line' id='line_1_13' title="bbox 137 1596 908 1673; baseline 0.003 -19"><span class='ocrx_word' id='word_1_85' title='bbox 137 1607 208 1673; x_wconf 91' lang='lat' dir='ltr'>post</span> <span class='ocrx_word' id='word_1_86' title='bbox 223 1596 381 1655; x_wconf 91' lang='lat' dir='ltr'>hominurn</span> <span class='ocrx_word' id='word_1_87' title='bbox 396 1596 575 1655; x_wconf 89' lang='lat' dir='ltr'>memoriam</span> <span class='ocrx_word' id='word_1_88' title='bbox 590 1597 700 1655; x_wconf 89' lang='lat' dir='ltr'>classis</span> <span class='ocrx_word' id='word_1_89' title='bbox 715 1606 763 1655; x_wconf 92' lang='lat' dir='ltr'>est</span> <span class='ocrx_word' id='word_1_90' title='bbox 779 1597 908 1656; x_wconf 87' lang='lat' dir='ltr'>devicta.</span> 
     </span>
    </p>

    <p class='ocr_par' dir='ltr' id='par_1_5' title="bbox 101 1699 1034 1884">
     <span class='ocr_line' id='line_1_14' title="bbox 101 1699 1034 1777; baseline -0.002 -17"><span class='ocrx_word' id='word_1_91' title='bbox 101 1701 122 1760; x_wconf 90' lang='grc'><strong>6</strong></span> <span class='ocrx_word' id='word_1_92' title='bbox 180 1701 314 1776; x_wconf 80' lang='lat' dir='ltr'>Megnus</span> <span class='ocrx_word' id='word_1_93' title='bbox 329 1700 388 1759; x_wconf 80' lang='lat' dir='ltr'>hec</span> <span class='ocrx_word' id='word_1_94' title='bbox 404 1700 486 1759; x_wconf 78' lang='lat' dir='ltr'>belle</span> <span class='ocrx_word' id='word_1_95' title='bbox 502 1699 729 1760; x_wconf 89' lang='lat' dir='ltr'>Themistocles</span> <span class='ocrx_word' id='word_1_96' title='bbox 743 1701 801 1760; x_wconf 82' lang='lat' dir='ltr'>luit</span> <span class='ocrx_word' id='word_1_97' title='bbox 817 1720 917 1777; x_wconf 89' lang='lat' dir='ltr'>neque</span> <span class='ocrx_word' id='word_1_98' title='bbox 935 1700 1034 1760; x_wconf 92' lang='lat' dir='ltr'>minor</span> 
     </span>
     <span class='ocr_line' id='line_1_15' title="bbox 137 1803 1033 1884; baseline 0.006 -24"><span class='ocrx_word' id='word_1_99' title='bbox 137 1803 269 1881; x_wconf 63' lang='lat' dir='ltr'>in&#39;pece.</span> <span class='ocrx_word' id='word_1_100' title='bbox 316 1806 394 1864; x_wconf 91' lang='lat' dir='ltr'>Cum</span> <span class='ocrx_word' id='word_1_101' title='bbox 410 1803 492 1862; x_wconf 92' lang='lat' dir='ltr'>enim</span> <span class='ocrx_word' id='word_1_102' title='bbox 509 1803 671 1864; x_wconf 82' lang='lat' dir='ltr'>Phalerico</span> <span class='ocrx_word' id='word_1_103' title='bbox 692 1813 783 1881; x_wconf 84' lang='lat' dir='ltr'>portir</span> <span class='ocrx_word' id='word_1_104' title='bbox 805 1823 906 1881; x_wconf 91' lang='lat' dir='ltr'>neque</span> <span class='ocrx_word' id='word_1_105' title='bbox 922 1813 1033 1884; x_wconf 75' lang='lat' dir='ltr'>megne</span> 
     </span>
    </p>
   </div>
   <div class='ocr_carea' id='block_1_3' title="bbox 25 2010 1083 3018">
    <p class='ocr_par' dir='ltr' id='par_1_6' title="bbox 137 2010 1033 2193">
     <span class='ocr_line' id='line_1_16' title="bbox 137 2010 1033 2088; baseline 0.004 -20"><span class='ocrx_word' id='word_1_106' title='bbox 137 2010 247 2086; x_wconf 87' lang='lat' dir='ltr'>triplex</span> <span class='ocrx_word' id='word_1_107' title='bbox 263 2012 362 2069; x_wconf 90' lang='lat' dir='ltr'>Piraei</span> <span class='ocrx_word' id='word_1_108' title='bbox 378 2021 484 2086; x_wconf 89' lang='lat' dir='ltr'>portus</span> <span class='ocrx_word' id='word_1_109' title='bbox 501 2010 689 2070; x_wconf 80' lang='lat' dir='ltr'>constitutus</span> <span class='ocrx_word' id='word_1_110' title='bbox 705 2022 753 2071; x_wconf 91' lang='lat' dir='ltr'>est</span> <span class='ocrx_word' id='word_1_111' title='bbox 768 2011 856 2088; x_wconf 92' lang='lat' dir='ltr'>isque</span> <span class='ocrx_word' id='word_1_112' title='bbox 871 2012 1033 2072; x_wconf 91' lang='lat' dir='ltr'>moenibus</span> 
     </span>
     <span class='ocr_line' id='line_1_17' title="bbox 137 2113 1031 2193; baseline 0.003 -22"><span class='ocrx_word' id='word_1_113' title='bbox 137 2113 352 2186; x_wconf 86' lang='lat' dir='ltr'>circumdatus,</span> <span class='ocrx_word' id='word_1_114' title='bbox 364 2122 397 2172; x_wconf 94' lang='lat' dir='ltr'>ut</span> <span class='ocrx_word' id='word_1_115' title='bbox 410 2113 508 2190; x_wconf 89' lang='lat' dir='ltr'>ipsam</span> <span class='ocrx_word' id='word_1_116' title='bbox 521 2114 628 2172; x_wconf 89' lang='lat' dir='ltr'>urbem</span> <span class='ocrx_word' id='word_1_117' title='bbox 644 2115 794 2192; x_wconf 75' lang='lat' dir='ltr'>dignitate</span> <span class='ocrx_word' id='word_1_118' title='bbox 811 2116 1031 2193; x_wconf 62' lang='lat' dir='ltr'>aequiperaret,</span> 
     </span>
    </p>

    <p class='ocr_par' dir='ltr' id='par_1_7' title="bbox 105 2209 1083 2810">
     <span class='ocr_line' id='line_1_18' title="bbox 105 2209 1032 2294; baseline 0.001 -18"><span class='ocrx_word' id='word_1_119' title='bbox 105 2217 267 2277; x_wconf 75' lang='lat' dir='ltr'>2utilitate</span> <span class='ocrx_word' id='word_1_120' title='bbox 303 2227 472 2294; x_wconf 82' lang='lat' dir='ltr'>supereret.</span> <span class='ocrx_word' id='word_1_121' title='bbox 530 2209 620 2277; x_wconf 78' lang='lat' dir='ltr'>ldem</span> <span class='ocrx_word' id='word_1_122' title='bbox 656 2227 758 2278; x_wconf 78' lang='lat' dir='ltr'>mures</span> <span class='ocrx_word' id='word_1_123' title='bbox 795 2220 1032 2278; x_wconf 75' lang='lat' dir='ltr'>Atheniensium</span> 
     </span>
     <span class='ocr_line' id='line_1_19' title="bbox 136 2320 1033 2399; baseline 0.006 -22"><span class='ocrx_word' id='word_1_124' title='bbox 136 2320 269 2380; x_wconf 91' lang='lat' dir='ltr'>restituit</span> <span class='ocrx_word' id='word_1_125' title='bbox 294 2321 461 2398; x_wconf 78' lang='lat' dir='ltr'>praecipue</span> <span class='ocrx_word' id='word_1_126' title='bbox 491 2328 548 2380; x_wconf 78' lang='lat' dir='ltr'>sue</span> <span class='ocrx_word' id='word_1_127' title='bbox 576 2322 722 2399; x_wconf 78' lang='lat' dir='ltr'>pericule.</span> <span class='ocrx_word' id='word_1_128' title='bbox 768 2325 909 2399; x_wconf 90' lang='lat' dir='ltr'>Namque</span> <span class='ocrx_word' id='word_1_129' title='bbox 940 2326 1033 2382; x_wconf 78' lang='lat' dir='ltr'>Lace</span> 
     </span>
     <span class='ocr_line' id='line_1_20' title="bbox 137 2424 1083 2503; baseline 0.002 -21"><span class='ocrx_word' id='word_1_130' title='bbox 137 2424 290 2484; x_wconf 92' lang='lat' dir='ltr'>daemonii</span> <span class='ocrx_word' id='word_1_131' title='bbox 306 2443 431 2482; x_wconf 84' lang='lat' dir='ltr'>causam</span> <span class='ocrx_word' id='word_1_132' title='bbox 447 2424 590 2489; x_wconf 80' lang='lat' dir='ltr'>ideneam</span> <span class='ocrx_word' id='word_1_133' title='bbox 603 2435 686 2484; x_wconf 91' lang='lat' dir='ltr'>nacti</span> <span class='ocrx_word' id='word_1_134' title='bbox 698 2436 822 2503; x_wconf 90' lang='lat' dir='ltr'>propter</span> <span class='ocrx_word' id='word_1_135' title='bbox 833 2427 1031 2485; x_wconf 82' lang='lat' dir='ltr'>barbarorum</span> <span class='ocrx_word' id='word_1_136' title='bbox 1052 2443 1083 2477; x_wconf 86' lang='lat'>20</span> 
     </span>
     <span class='ocr_line' id='line_1_21' title="bbox 136 2528 1032 2607; baseline 0.002 -21"><span class='ocrx_word' id='word_1_137' title='bbox 136 2528 341 2599; x_wconf 80' lang='lat' dir='ltr'>excursirineS,</span> <span class='ocrx_word' id='word_1_138' title='bbox 359 2536 419 2603; x_wconf 74' lang='lat' dir='ltr'>que</span> <span class='ocrx_word' id='word_1_139' title='bbox 442 2537 591 2603; x_wconf 75' lang='lat' dir='ltr'>negarent</span> <span class='ocrx_word' id='word_1_140' title='bbox 613 2536 754 2604; x_wconf 74' lang='lat' dir='ltr'>oportere</span> <span class='ocrx_word' id='word_1_141' title='bbox 776 2539 861 2588; x_wconf 79' lang='lat' dir='ltr'>extre</span> <span class='ocrx_word' id='word_1_142' title='bbox 884 2530 1032 2607; x_wconf 91' lang='lat' dir='ltr'>Pelopon·</span> 
     </span>
     <span class='ocr_line' id='line_1_22' title="bbox 136 2631 1033 2704; baseline 0.006 -17"><span class='ocrx_word' id='word_1_143' title='bbox 136 2639 243 2689; x_wconf 89' lang='lat' dir='ltr'>nesum</span> <span class='ocrx_word' id='word_1_144' title='bbox 266 2631 359 2688; x_wconf 88' lang='lat' dir='ltr'>rillam</span> <span class='ocrx_word' id='word_1_145' title='bbox 381 2631 489 2690; x_wconf 91' lang='lat' dir='ltr'>urbem</span> <span class='ocrx_word' id='word_1_146' title='bbox 510 2639 613 2690; x_wconf 81' lang='lat' dir='ltr'>mines</span> <span class='ocrx_word' id='word_1_147' title='bbox 635 2633 758 2704; x_wconf 90' lang='lat' dir='ltr'>habere,</span> <span class='ocrx_word' id='word_1_148' title='bbox 776 2640 815 2691; x_wconf 93' lang='lat' dir='ltr'>ne</span> <span class='ocrx_word' id='word_1_149' title='bbox 837 2642 943 2692; x_wconf 90' lang='lat' dir='ltr'>essent</span> <span class='ocrx_word' id='word_1_150' title='bbox 964 2635 1033 2692; x_wconf 92' lang='lat' dir='ltr'>loca</span> 
     </span>
     <span class='ocr_line' id='line_1_23' title="bbox 137 2734 1032 2810; baseline 0.004 -20"><span class='ocrx_word' id='word_1_151' title='bbox 137 2743 253 2793; x_wconf 80' lang='lat' dir='ltr'>munita</span> <span class='ocrx_word' id='word_1_152' title='bbox 279 2753 357 2808; x_wconf 89' lang='lat' dir='ltr'>quae</span> <span class='ocrx_word' id='word_1_153' title='bbox 378 2734 485 2794; x_wconf 89' lang='lat' dir='ltr'>hostes</span> <span class='ocrx_word' id='word_1_154' title='bbox 505 2735 709 2810; x_wconf 87' lang='lat' dir='ltr'>possiderent,</span> <span class='ocrx_word' id='word_1_155' title='bbox 727 2735 934 2795; x_wconf 88' lang='lat' dir='ltr'>Athenienses</span> <span class='ocrx_word' id='word_1_156' title='bbox 952 2737 1032 2796; x_wconf 93' lang='lat' dir='ltr'>aedi·</span> 
     </span>
    </p>

    <p class='ocr_par' dir='ltr' id='par_1_8' title="bbox 104 2837 1032 2916">
     <span class='ocr_line' id='line_1_24' title="bbox 104 2837 1032 2916; baseline 0.005 -22"><span class='ocrx_word' id='word_1_157' title='bbox 104 2837 264 2896; x_wconf 85' lang='lat' dir='ltr'>3ficantes</span> <span class='ocrx_word' id='word_1_158' title='bbox 294 2837 455 2914; x_wconf 91' lang='lat' dir='ltr'>prohibere</span> <span class='ocrx_word' id='word_1_159' title='bbox 487 2847 559 2896; x_wconf 93' lang='lat' dir='ltr'>sunt</span> <span class='ocrx_word' id='word_1_160' title='bbox 588 2846 700 2897; x_wconf 72' lang='lat' dir='ltr'>cerreti.</span> <span class='ocrx_word' id='word_1_161' title='bbox 749 2841 821 2899; x_wconf 83' lang='lat' dir='ltr'>Hric</span> <span class='ocrx_word' id='word_1_162' title='bbox 850 2840 941 2916; x_wconf 88' lang='lat' dir='ltr'>longe</span> <span class='ocrx_word' id='word_1_163' title='bbox 972 2840 1032 2899; x_wconf 77' lang='lat' dir='ltr'>alie</span> 
     </span>
    </p>

    <p class='ocr_par' dir='ltr' id='par_1_9' title="bbox 25 2941 1081 3018">
     <span class='ocr_line' id='line_1_25' title="bbox 25 2941 1081 3018; baseline 0.002 -20"><span class='ocrx_word' id='word_1_164' title='bbox 25 2978 28 2987; x_wconf 90' lang='lat'><em>·</em></span> <span class='ocrx_word' id='word_1_165' title='bbox 95 2961 97 2964; x_wconf 90' lang='lat'>·</span> <span class='ocrx_word' id='word_1_166' title='bbox 137 2942 297 3017; x_wconf 75' lang='lat' dir='ltr'>spectabat</span> <span class='ocrx_word' id='word_1_167' title='bbox 314 2950 406 3018; x_wconf 89' lang='lat' dir='ltr'>atque</span> <span class='ocrx_word' id='word_1_168' title='bbox 422 2941 519 3000; x_wconf 86' lang='lat' dir='ltr'>videri</span> <span class='ocrx_word' id='word_1_169' title='bbox 534 2941 688 3000; x_wconf 88' lang='lat' dir='ltr'>volebant.</span> <span class='ocrx_word' id='word_1_170' title='bbox 727 2942 934 3008; x_wconf 85' lang='lat' dir='ltr'>Athenienses</span> <span class='ocrx_word' id='word_1_171' title='bbox 950 2943 1031 3002; x_wconf 90' lang='lat' dir='ltr'>enirn</span> <span class='ocrx_word' id='word_1_172' title='bbox 1051 2957 1081 3008; x_wconf 79' lang='lat'>25</span> 
     </span>
    </p>
   </div>
   <div class='ocr_carea' id='block_1_4' title="bbox 135 3113 1033 3428">
    <p class='ocr_par' dir='ltr' id='par_1_10' title="bbox 135 3113 1033 3428">
     <span class='ocr_line' id='line_1_26' title="bbox 179 3113 1033 3181; baseline 0.002 -19"><span class='ocrx_word' id='word_1_173' title='bbox 179 3128 188 3162; x_wconf 93' lang='lat'>1</span> <span class='ocrx_word' id='word_1_174' title='bbox 208 3114 316 3172; x_wconf 77' lang='lat' dir='ltr'>bellete,</span> <span class='ocrx_word' id='word_1_175' title='bbox 333 3115 423 3162; x_wconf 82' lang='lat' dir='ltr'>bellum</span> <span class='ocrx_word' id='word_1_176' title='bbox 434 3131 528 3177; x_wconf 75' lang='lat' dir='ltr'>gerere.</span> <span class='ocrx_word' id='word_1_177' title='bbox 539 3115 721 3165; x_wconf 77' lang='lat' dir='ltr'>—eertierem</span> <span class='ocrx_word' id='word_1_178' title='bbox 738 3128 799 3165; x_wconf 87' lang='lat' dir='ltr'>eum</span> <span class='ocrx_word' id='word_1_179' title='bbox 818 3113 894 3181; x_wconf 80' lang='lat' dir='ltr'>fecit,</span> <span class='ocrx_word' id='word_1_180' title='bbox 910 3122 936 3165; x_wconf 80' lang='lat' dir='ltr'>ei</span> <span class='ocrx_word' id='word_1_181' title='bbox 947 3120 1033 3165; x_wconf 72' lang='lat' dir='ltr'>minti-</span> 
     </span>
     <span class='ocr_line' id='line_1_27' title="bbox 135 3197 1033 3264; baseline 0.003 -20"><span class='ocrx_word' id='word_1_182' title='bbox 135 3199 195 3245; x_wconf 75' lang='lat' dir='ltr'>dvit.</span> <span class='ocrx_word' id='word_1_183' title='bbox 205 3211 263 3260; x_wconf 87' lang='lat'>—3</span> <span class='ocrx_word' id='word_1_184' title='bbox 279 3197 481 3261; x_wconf 73' lang='lat' dir='ltr'>dissolveretur,</span> <span class='ocrx_word' id='word_1_185' title='bbox 495 3198 727 3244; x_wconf 71' lang='lat' dir='ltr'>interscinderetur.</span> <span class='ocrx_word' id='word_1_186' title='bbox 738 3225 771 3233; x_wconf 83' lang='lat'>—</span> <span class='ocrx_word' id='word_1_187' title='bbox 782 3210 795 3262; x_wconf 85' lang='lat'>5</span> <span class='ocrx_word' id='word_1_188' title='bbox 808 3198 860 3249; x_wconf 89' lang='lat' dir='ltr'>iter</span> <span class='ocrx_word' id='word_1_189' title='bbox 871 3197 981 3264; x_wconf 80' lang='lat' dir='ltr'>lecerat,</span> <span class='ocrx_word' id='word_1_190' title='bbox 995 3205 1033 3247; x_wconf 68' lang='lat' dir='ltr'>ve-</span> 
     </span>
     <span class='ocr_line' id='line_1_28' title="bbox 136 3279 1031 3345; baseline 0 -17"><span class='ocrx_word' id='word_1_191' title='bbox 136 3288 214 3329; x_wconf 84' lang='lat' dir='ltr'>nerat.</span> <span class='ocrx_word' id='word_1_192' title='bbox 224 3292 283 3342; x_wconf 91' lang='lat'>-9</span> <span class='ocrx_word' id='word_1_193' title='bbox 307 3279 402 3344; x_wconf 78' lang='lat' dir='ltr'>altera,</span> <span class='ocrx_word' id='word_1_194' title='bbox 424 3280 541 3328; x_wconf 81' lang='lat' dir='ltr'>secunda.</span> <span class='ocrx_word' id='word_1_195' title='bbox 551 3307 584 3315; x_wconf 93' lang='lat'><em>-</em></span> <span class='ocrx_word' id='word_1_196' title='bbox 596 3294 625 3328; x_wconf 91' lang='lat'>10</span> <span class='ocrx_word' id='word_1_197' title='bbox 649 3282 808 3345; x_wconf 76' lang='lat' dir='ltr'>compartiri,</span> <span class='ocrx_word' id='word_1_198' title='bbox 830 3283 948 3344; x_wconf 79' lang='lat' dir='ltr'>crinferri.</span> <span class='ocrx_word' id='word_1_199' title='bbox 958 3311 991 3318; x_wconf 90' lang='lat'>—</span> <span class='ocrx_word' id='word_1_200' title='bbox 1003 3296 1031 3345; x_wconf 88' lang='lat'>13</span> 
     </span>
     <span class='ocr_line' id='line_1_29' title="bbox 135 3363 1031 3428; baseline -0.004 -13"><span class='ocrx_word' id='word_1_201' title='bbox 135 3367 259 3428; x_wconf 64' lang='lat' dir='ltr'>insigniis,</span> <span class='ocrx_word' id='word_1_202' title='bbox 277 3365 397 3425; x_wconf 69' lang='lat' dir='ltr'>egregius.</span> <span class='ocrx_word' id='word_1_203' title='bbox 407 3390 438 3399; x_wconf 95' lang='lat'>—</span> <span class='ocrx_word' id='word_1_204' title='bbox 451 3377 482 3410; x_wconf 87' lang='lat'>20</span> <span class='ocrx_word' id='word_1_205' title='bbox 500 3363 583 3426; x_wconf 75' lang='lat' dir='ltr'>nacti,</span> <span class='ocrx_word' id='word_1_206' title='bbox 596 3365 686 3424; x_wconf 78' lang='lat' dir='ltr'>adepti.</span> <span class='ocrx_word' id='word_1_207' title='bbox 696 3391 730 3398; x_wconf 93' lang='lat'><strong>—</strong></span> <span class='ocrx_word' id='word_1_208' title='bbox 740 3377 752 3409; x_wconf 91' lang='lat'><em>2</em></span> <span class='ocrx_word' id='word_1_209' title='bbox 757 3376 770 3427; x_wconf 85' lang='lat'><strong>5</strong></span> <span class='ocrx_word' id='word_1_210' title='bbox 786 3363 882 3428; x_wconf 71' lang='lat' dir='ltr'>videri,</span> <span class='ocrx_word' id='word_1_211' title='bbox 899 3370 1031 3426; x_wconf 67' lang='lat' dir='ltr'>apperire.</span> 
     </span>
    </p>
   </div>
   <div class='ocr_carea' id='block_1_5' title="bbox 0 0 1260 3725">
    <p class='ocr_par' dir='ltr' id='par_1_11' title="bbox 0 0 1260 3725">
     <span class='ocr_line' id='line_1_30' title="bbox 0 0 1260 3725; baseline 0 2"><span class='ocrx_word' id='word_1_212' title='bbox 0 0 1260 3725; x_wconf 95' lang='lat' dir='ltr'> </span> 
     </span>
    </p>
   </div>
  </div>
 </body>
</html>
