2509 3725
213 222 242 273 34
514 229 747 277 Aicrssmuus.
784 241 805 294 5·

214 390 334 467 potuit:
372 403 437 452 erat
467 395 548 453 enim
577 404 615 454 ea
645 395 821 473 sagacitate,
853 406 886 454 ut
917 395 1018 472 decipi
1047 403 1110 455 nen

213 505 327 570 posset,
358 497 538 572 praesertim
573 517 643 557 cum
680 498 813 557 animum
851 498 1033 558 attendisset
1071 498 1111 557 ad

214 599 393 658 cavendum.
447 602 556 677 Itaque
583 602 622 660 ad
648 601 896 678 Tissaphernem,
922 602 1111 678 praefectum

179 700 295 778 3regis
323 704 424 775 Darei,
452 711 485 762 se
511 704 649 763 contulit.
700 704 795 764 Cuius
821 723 890 763 cum
915 704 946 762 in
973 704 1111 763 intimam

214 804 379 864 amicitiam
391 792 581 882 pervenisset
593 817 623 866 et
636 806 870 866 Atheniensium
882 807 960 865 male
972 816 1067 884 gestis
1079 806 1110 864 in
1148 821 1161 874 5

215 907 317 966 Sicilie
332 909 423 967 rebus
446 917 521 985 opes
536 917 706 982 senescere,
724 918 831 969 contre
854 909 1111 968 Lacedaemonii>

214 1029 280 1068 rum
296 1017 432 1070 crescere
448 1012 573 1085 videret,
591 1012 679 1072 initio
699 1033 768 1071 cum
789 1013 940 1071 Pisandro
960 1020 1109 1089 praetere,

215 1122 267 1189 qui
283 1114 365 1190 apud
399 1117 523 1175 Samum
556 1116 721 1175 exercitum
757 1115 900 1187 habebat,
935 1134 990 1191 per
1021 1114 1112 1174 inter·

215 1216 338 1276 nuntios
350 1218 544 1294 conloquitur
555 1228 586 1277 et
597 1219 636 1277 de
648 1218 746 1277 reditu
759 1225 815 1277 sue
826 1218 902 1277 facit
913 1218 1109 1277 mentionem.

216 1321 287 1377 Erat
317 1321 398 1379 enim
431 1322 540 1380 eodem
572 1329 634 1397 que
663 1320 841 1380 Alcibiades
875 1317 975 1394 sensu,
1005 1321 1111 1397 populi
1132 1344 1162 1379 10

180 1423 368 1498 «tpotentiae
398 1432 460 1483 non
485 1434 601 1483 amicus
625 1433 656 1483 et
684 1424 877 1501 optimatium
906 1425 1016 1484 fautor.
1061 1425 1111 1483 Ab

214 1527 273 1585 heic
284 1526 447 1586 destitutus
459 1536 589 1604 primum
601 1546 656 1604 per
667 1528 902 1606 Thrasybulum,
916 1529 991 1606 Lyci
1003 1527 1109 1598 filium,

215 1629 254 1687 ab
277 1629 411 1689 exercitii
432 1631 577 1708 recipitur
602 1641 786 1707 praetorque
809 1632 843 1690 fit
868 1631 950 1707 apud
977 1633 1109 1703 Samum,

214 1741 284 1808 post
304 1733 491 1810 suffragante
508 1734 701 1793 Theramene
721 1734 826 1811 populi
846 1741 923 1793 scite
944 1733 1111 1792 restituitur

214 1844 340 1913 parique
357 1836 469 1896 absens
484 1836 612 1913 imperii)
627 1836 802 1914 praeficitur
817 1837 907 1896 simui
927 1856 996 1896 cum
1017 1837 1110 1895 Thra·
1132 1860 1161 1914 15

180 1940 323 2018 bsybulo
348 1949 379 1998 et
408 1940 609 2000 Theramene.
656 1942 777 2000 Horum
806 1940 838 1999 in
867 1940 996 2017 imperio
1024 1948 1110 1999 tanta

214 2043 412 2102 commutatio
434 2050 532 2102 rerum
554 2045 639 2103 facta
663 2053 718 2116 est,
735 2054 769 2102 ut
792 2043 1039 2115 Lacedaemonii,
1059 2051 1111 2118 qui

213 2145 306 2222 paule
322 2155 392 2205 ante
409 2154 538 2206 victeres
554 2147 723 2224 viguerant,
737 2146 889 2223 perterriti
904 2155 1012 2223 pacem
1027 2155 1109 2222 pete·

214 2259 290 2308 rent.
328 2251 411 2307 Victi
426 2249 508 2308 enim
524 2259 610 2308 erant
622 2259 758 2326 quinque
770 2249 894 2326 proeliis
906 2249 1109 2319 terrestribus,

214 2352 311 2411 tribus
327 2352 496 2424 navalibus
513 2353 544 2409 in
560 2352 672 2427 quibus
688 2352 839 2411 ducentes
859 2359 954 2410 neves
974 2352 1111 2411 triremes
1130 2375 1163 2411 zo

214 2464 388 2527 amiserant,
406 2475 484 2531 quae
500 2466 608 2531 captae
624 2455 656 2513 in
672 2455 804 2515 hostium
817 2463 964 2514 venerant
979 2464 1112 2532 potesta-

180 2567 197 2616 6
214 2569 284 2618 tem.
329 2559 506 2617 Alcibiades
522 2558 610 2618 simul
626 2578 695 2617 cum
711 2558 846 2635 conlegis
861 2565 1017 2634 receperat
1033 2558 1113 2617 Ioni-

214 2682 271 2732 am,
291 2663 536 2737 Hellespontum,
553 2661 666 2720 multes
681 2670 841 2738 praeterea
859 2662 951 2720 urbes
967 2663 1111 2733 Graecas,

214 2765 340 2841 quaein
364 2772 417 2824 era
439 2765 516 2824 sitae
532 2774 603 2824 sunt
628 2764 789 2836 Threciae,
807 2773 936 2840 quarum
961 2773 1113 2841 expugna·

213 2879 282 2927 rant
311 2868 491 2944 complureS‚
523 2867 555 2926 in
584 2868 633 2926 his
663 2866 851 2945 Byzantium,
882 2886 983 2943 neque
1012 2866 1114 2925 minus
1133 2887 1166 2939 ²5

213 2972 324 3031 multas
347 2971 478 3031 censilio
501 2971 540 3029 ad
563 2970 727 3029 amicitiam
751 2970 960 3042 adiimxerant,
978 2969 1060 3045 quod
1083 2969 1115 3028 in

180 3081 322 3170 icaptos
344 3073 506 3133 clementia
528 3074 651 3132 fuerant
678 3081 732 3131 risi.
779 3075 828 3130 Ita
857 3072 972 3149 praeda
1001 3081 1113 3145 onusti

238 3236 240 3246 v
257 3230 266 3263 1
282 3213 380 3279 decipi,
386 3215 460 3278 fizlli.
471 3242 505 3250 -
514 3227 544 3274 14
556 3213 732 3275 suffragante,
738 3211 851 3275 favente.
860 3238 894 3246 -
905 3225 914 3258 1
921 3223 934 3275 5
947 3211 1029 3261 simul
1041 3225 1111 3276 cum,

213 3305 268 3350 rina
279 3314 344 3350 cum.
355 3326 388 3333 -
398 3297 426 3349 18
445 3297 598 3364 viguerant,
611 3297 755 3346 valuerant.
765 3323 798 3330 -
809 3308 839 3358 24
857 3294 937 3363 sitae,
954 3296 1058 3361 positae.
