2509 3725
389 226 672 276 EPAMINONDAS.
707 242 730 289 7,
742 228 766 277 8.
994 234 1028 282 49

132 396 243 455 diritius
277 392 456 453 retinuisset
489 414 581 471 quam
613 395 680 471 lege
711 398 907 472 praefinitum
937 399 1024 457 foret.

132 500 221 557 Hanc
238 497 470 575 Epaminendes
486 516 555 556 cum
573 508 617 556 rei
635 498 777 575 pirblicae
795 502 1026 561 conservandae

130 611 221 661 cause
236 602 330 659 letam
345 600 471 673 videret,
489 602 528 659 ad
543 602 712 678 perniciem
732 604 866 663 civitetis
887 605 1027 666 conferre

129 705 225 763 noluit
247 713 278 762 et
296 713 441 781 quattuor
461 704 618 764 mensibus
643 705 756 765 diirtius
780 725 872 782 quarn
894 708 1026 787 populus

129 810 266 881 iusserat,
283 810 380 886 gessit
399 810 567 889 imperium.
1062 830 1075 882 5

92 918 116 978 8
169 915 338 989 Postquam
354 914 479 972 domum
494 913 626 973 reditum
642 924 698 987 est,
715 915 863 992 conlegae
882 914 949 974 eius
967 916 1026 975 hec

127 1016 253 1075 crimine
287 1016 521 1076 accersebantur.
581 1017 703 1094 Quibus
734 1017 784 1076 ille
820 1018 959 1094 permisit
994 1030 1027 1079 ut

128 1138 251 1178 omnem
281 1138 406 1178 eausam
437 1120 467 1177 in
499 1128 531 1180 se
557 1122 760 1192 transferrent
786 1130 903 1197 sueque
932 1132 1026 1197 opere

127 1224 243 1281 factum
258 1224 482 1282 contenderent
498 1234 531 1281 ut
551 1223 610 1301 legi
632 1232 694 1284 nen
717 1224 909 1284 oboedirent.
954 1226 1025 1302 Que

127 1327 309 1386 defensione
331 1326 391 1385 illis
415 1328 552 1403 periculo
574 1327 712 1398 liberetis
736 1335 826 1387 neme
843 1330 1026 1405 Epaminon·
1046 1353 1076 1388 ro

127 1430 199 1489 dam
219 1438 437 1507 responsorum
457 1431 596 1506 putebat,
614 1432 706 1508 quod,
726 1431 800 1510 quid
817 1432 940 1504 diceret,
963 1439 1025 1492 nen

93 1534 262 1594 2haberet.
320 1537 362 1592 At
389 1533 440 1593 ille
466 1534 498 1591 in
525 1532 672 1593 iirdicium
697 1534 790 1607 venit,
818 1534 894 1592 nihil
920 1543 1025 1594 eerum

128 1637 250 1714 negevit
276 1656 355 1714 quae
376 1637 544 1696 adverserii
565 1637 684 1696 crimini
711 1638 836 1711 dabant,
860 1639 1025 1715 omniaque

127 1762 205 1820 quae
228 1744 375 1820 conlegae
398 1743 547 1816 dixerant,
564 1743 727 1802 cenfessus
749 1752 797 1801 est
819 1762 921 1819 neque
945 1754 1026 1802 recri-

126 1846 207 1907 sevit
229 1856 291 1925 que
313 1848 414 1908 minus
437 1849 513 1928 legis
538 1869 671 1927 poenam
696 1849 821 1922 subiret,
849 1848 905 1908 sed
931 1858 1024 1907 unum
1045 1872 1075 1924 15

126 1952 165 2010 ab
196 1951 233 2010 iis
261 1952 378 2028 petivit,
411 1963 444 2012 ut
480 1954 510 2011 in
544 1954 686 2030 sepulcro
716 1960 772 2012 sue
802 1953 1023 2011 inscriberent:

91 2056 388 2131 3“Epaminendes
418 2065 436 2116 e
468 2058 627 2116 Thebenis
664 2066 761 2114 morte
791 2056 938 2114 multetus
967 2032 1040 2128 est,¹

126 2159 210 2235 quod
233 2167 287 2218 ees
312 2160 414 2236 coegit
440 2161 523 2237 apud
546 2164 679 2220 Leuctra
702 2168 845 2235 superere
872 2160 1025 2218 Lacedae·

125 2266 255 2339 monies,
280 2274 358 2350 ques
382 2275 453 2324 ante
477 2273 510 2325 se
533 2266 747 2342 imperatorem
772 2272 862 2325 neme
886 2265 1025 2325 Boeotio

89 2378 107 2426 4
125 2389 191 2427 rum
209 2389 302 2429 ausus
318 2370 358 2429 sit
374 2370 513 2446 aspicere
530 2370 560 2428 in
578 2371 653 2442 acie,
670 2370 814 2446 quodque
830 2377 891 2429 une
906 2370 1025 2445 proelio
1044 2392 1075 2426 20

125 2480 189 2532 nen
213 2476 310 2533 selum
333 2473 459 2532 Thebes
483 2474 522 2532 ab
546 2473 669 2532 interitu
691 2473 825 2543 retrexit,
850 2473 906 2531 sed
931 2473 1023 2532 etiam

125 2577 300 2636 irniversam
315 2577 478 2637 Graeciam
500 2577 532 2636 in
553 2578 725 2637 libertetem
741 2576 910 2636 vindicevit
925 2583 1024 2653 eoque

125 2688 175 2740 res
199 2688 395 2756 utrorumque
417 2681 560 2756 perduxit
584 2691 616 2738 ut
639 2681 781 2739 Thebeni
810 2683 951 2756 Spartam
973 2699 1024 2754 op-

124 2793 308 2860 pugnarent,
342 2784 581 2842 Lacedaemonii
608 2784 684 2842 satis
713 2784 863 2842 haberent
892 2793 918 2841 si
948 2783 1025 2841 salvi

88 2891 197 2946 5esse
226 2897 363 2964 possent,
392 2906 492 2963 neque
522 2887 606 2964 prius
636 2887 751 2945 bellere
781 2885 899 2945 destitit
932 2906 1023 2962 quam
1043 2905 1074 2956 25

168 3091 181 3140 7
213 3078 347 3142 permisit,
378 3079 499 3126 concessit.
513 3091 572 3140 —9
602 3077 802 3140 contenderent,
826 3076 1024 3140 arifirmorent;

124 3162 291 3226 oboedirent,
300 3166 507 3223 parerent-21
523 3161 896 3224 retrexit,crnserva·vit.—22
910 3159 1025 3210 inliber-

124 3247 214 3298 retem
225 3243 389 3308 vindicivit,
403 3244 527 3292 liberooit.
537 3271 571 3278 -
581 3256 594 3290 2
599 3257 612 3308 5
630 3241 748 3306 destitit,
762 3243 907 3290 intermisit.
