2509 3725
367 281 665 330 THEMISTOCLES.
703 296 726 339 2,
739 295 763 345 3,
776 296 799 341 4.
999 281 1029 331 ll

136 470 204 511 esse
227 449 383 527 Apollinis
406 449 491 509 utin
515 456 610 509 naves
637 456 671 508 se
694 466 811 525 suaque
834 448 1029 510 conferrent:

103 565 204 616 8eum
224 554 306 613 enim
324 563 343 613 a
362 554 421 613 deo
444 552 610 629 significari
632 562 751 611 minum
773 552 916 630 ligneum.
960 553 1031 611 Tali

135 656 264 717 consilio
279 640 410 734 probato
426 655 545 715 addunt
557 656 595 715 ad
609 655 782 731 superiores
793 654 922 715 totidem
935 663 1031 715 naves

134 761 280 832 triremes,
294 778 411 835 suaque
424 758 527 817 omnia
539 777 619 835 quae
632 765 747 817 moveri
758 768 909 835 poterant,
918 758 1030 835 partim

136 864 300 936 Salamina,
317 861 428 938 partim
443 862 602 920 Troezena
617 861 799 938 deportant:
816 880 918 919 arcem
932 880 1031 921 sacer·
1067 880 1080 932 5

134 966 259 1026 dotibus
282 973 451 1043 paucisque
473 964 641 1023 maioribus
663 973 738 1023 nato
758 964 798 1023 ad
818 983 905 1023 sacra
925 972 1031 1041 proco·

134 1069 232 1129 tanda
246 1069 380 1141 tradunt,
397 1067 547 1145 reliquum
563 1066 711 1143 oppidum
727 1066 911 1144 relinquunt.

96 1172 118 1232 3
176 1172 279 1231 Hirius
295 1170 456 1231 consilium
472 1170 626 1247 plerisque
647 1169 824 1230 civitatibus
846 1170 1031 1247 displicebat

133 1287 165 1335 et
187 1275 219 1333 in
241 1284 322 1335 terra
344 1274 482 1333 dimicari
504 1274 602 1351 magis
622 1274 773 1351 placebat.
819 1276 929 1352 ltaque
945 1284 1030 1335 missi

134 1390 207 1440 sunt
227 1380 338 1438 delecti
360 1397 430 1437 cum
451 1377 599 1450 Leonida,
616 1378 933 1439 Lacedaemoniorum
949 1386 1029 1456 rege,
1051 1404 1081 1438 ιο

134 1493 187 1561 qui
211 1482 434 1559 Thermopylas
459 1490 649 1557 occuparent
674 1482 858 1559 longiusque
881 1483 1030 1543 barbaros

133 1585 276 1665 progredi
291 1592 354 1661 non
370 1594 556 1662 paterentur.
595 1587 622 1643 Ii
638 1584 697 1643 vim
713 1585 849 1645 hostium
864 1593 926 1646 non
942 1587 1031 1647 susti-

100 1697 267 1749 2nuerunt
288 1697 388 1768 eoque
410 1688 480 1749 loco
499 1697 607 1751 omnes
631 1690 819 1752 interierunt.
864 1695 906 1751 At
921 1691 1031 1751 classis

134 1793 305 1855 commonis
334 1794 484 1855 Graeciae
516 1805 723 1857 trecentarum
751 1796 884 1869 navium,
912 1796 944 1855 in
970 1804 1031 1874 qua

135 1899 287 1984 ducentae
309 1909 397 1959 erant
418 1900 665 1973 Atheniensium,
686 1910 817 1978 primurn
840 1901 923 1978 apud
946 1903 1032 1960 Arte-
1052 1921 1081 1973 15

136 2002 258 2063 misium
273 2003 353 2064 inter
370 2005 526 2064 Euboeam
547 2004 820 2083 continentemque
835 2014 946 2064 terram
961 2023 1032 2063 cum

136 2108 302 2169 classiariis
323 2107 415 2186 regiis
437 2108 583 2169 conflixit.
628 2109 798 2187 Angustias
814 2108 896 2168 enim
911 2107 1033 2166 Themi-

102 2214 119 2264 3
137 2213 250 2271 stocles
266 2213 443 2289 quaerebat,
460 2219 499 2271 ne
514 2211 710 2273 multitirdine
725 2212 942 2272 circumiretur.
969 2213 1032 2269 Hic

137 2323 195 2374 etsi
209 2324 275 2391 pari
290 2315 406 2392 proelio
421 2315 639 2388 discesserant,
650 2326 754 2374 tamen
766 2317 875 2376 eodem
888 2315 957 2374 loco
969 2321 1032 2373 non

137 2428 209 2477 sunt
231 2427 298 2477 ausi
320 2426 452 2489 manere,
470 2421 553 2494 quod
575 2429 641 2478 erat
660 2420 828 2495 periculum
848 2425 895 2491 ne,
913 2427 940 2478 si
961 2437 1033 2494 pars
1052 2438 1083 2473 20

137 2522 261 2581 navium
276 2521 519 2581 adversariorum
533 2523 691 2581 Euboeam
707 2531 892 2598 superasset,
906 2521 1034 2598 ancipiti

101 2629 120 2678 4
137 2635 347 2701 premerentur
368 2625 513 2702 periculo.
559 2626 630 2698 Quo
649 2627 828 2684 factumest
845 2635 877 2683 ut
893 2626 931 2684 ab
948 2628 1034 2683 Arte-

137 2728 227 2787 misio
256 2727 452 2788 discederent
481 2738 513 2787 et
541 2728 744 2788 exadversum
776 2729 918 2787 Athenas
951 2728 1034 2804 apud

139 2832 295 2904 Salamina
309 2831 441 2892 classem
457 2850 545 2890 suam
560 2830 793 2891 constituerent.

97 2932 122 2991 4
179 2936 223 2992 At
259 2937 376 2993 Xerxes
413 2935 628 3012 Thermopylis
668 2943 850 3011 exprignatis
893 2933 1034 3010 protinus
1053 2952 1084 3004 25

138 3035 270 3097 accessit
286 3047 355 3097 asto
370 3037 472 3115 idque,
489 3038 581 3097 millis
597 3037 846 3110 defendentibus,
863 3037 1034 3097 interiectis

178 3205 193 3254 3
204 3190 366 3254 superiores,
373 3192 481 3252 prioris.
490 3218 523 3225 -—
534 3204 558 3237 rr
575 3192 744 3254 occuparent,
755 3195 913 3239 tenerent-
924 3204 951 3239 12
964 3191 1033 3254 vim,

138 3275 404 3334 multitudinem—17
413 3273 570 3336 classit'triis‚
578 3275 655 3334 co'pir's
662 3273 870 3321 novalibus.-18
877 3275 1033 3338 quaerebat,

133 3358 239 3419 petebat.
248 3383 281 3392 -
290 3356 483 3421 circumiretur,
498 3357 667 3404 clauderetur.
677 3383 710 3391 -
720 3355 752 3404 26
764 3354 927 3420 interfectis,
941 3361 1034 3404 occr'sr's.
