2509 3725
176 269 192 317 4
470 271 686 320 MILTIADES.
721 288 745 337 3,
757 288 781 333 4.

176 452 244 493 cum
261 435 398 512 plerique
414 437 606 509 accederent,
625 439 788 499 Histiaeus
802 440 950 513 Milesius,
968 448 1006 500 ne
1021 448 1070 500 res

176 540 384 612 cenficeretur,
413 540 542 612 obstitit,
569 543 676 601 dicens
706 550 768 602 nen
799 543 881 603 idem
908 544 990 621 ipsis,
1019 554 1070 620 qui

176 651 310 701 summes
337 642 443 719 imperi
469 651 618 717 tenerent,
644 647 788 722 expedire
814 656 846 705 et
872 647 1068 720 multitridini,

175 745 258 821 quod
276 747 369 804 Derei
384 753 478 823 regne
493 747 627 823 ipserum
644 757 790 808 niteretur
804 750 989 810 dominetie:
1008 759 1070 827 que

175 848 328 908 exstincte
361 849 445 926 ipses
479 861 634 928 potestate
670 854 824 930 expulsos¹
850 853 969 913 civibus
1005 863 1070 912 suis
1106 867 1119 920 5

174 960 293 1028 poenes
316 953 449 1013 datirres.
496 958 606 1033 Itaque
629 956 708 1015 adeo
726 964 764 1023 se
779 957 942 1015 abhorrere
957 966 976 1015 e
991 964 1070 1016 cete-

175 1063 276 1115 rerum
303 1058 441 1131 consilis),
466 1066 499 1117 ut
524 1058 600 1116 nihil
626 1068 714 1135 putet
740 1058 815 1135 ipsis
844 1059 948 1118 utilius
978 1080 1068 1135 quam

140 1173 157 1223 6
174 1162 350 1220 confirmeri
370 1170 497 1239 regnum
516 1164 686 1221 Perserum.
733 1162 835 1220 Huius
852 1173 927 1221 eum
950 1173 1070 1222 senten-

174 1263 248 1321 tiam
270 1264 391 1340 plirrimi
413 1274 518 1324 essent
540 1274 647 1336 secirti,
666 1264 824 1323 Miltiades
843 1273 904 1324 nen
923 1266 1069 1325 dubiteris

174 1375 237 1424 tam
253 1367 356 1426 multis
372 1368 505 1427 consciis
521 1368 561 1428 ad
576 1367 657 1444 regis
678 1374 766 1426 aures
785 1368 915 1426 censilia
932 1388 988 1427 sua
1006 1388 1070 1445 per·
1090 1392 1120 1425 ιο

174 1480 310 1543 ventina,
335 1471 564 1529 Chersonesum
589 1470 713 1548 reliquit
735 1479 773 1530 ec
799 1481 904 1530 rursus
928 1473 1069 1531 Athenes

174 1572 363 1651 demigravit.
416 1573 512 1633 Citius
544 1575 622 1635 ratio
655 1583 714 1633 etsi
743 1582 804 1633 nen
835 1574 938 1647 valuit,
965 1584 1069 1633 tamen

174 1685 286 1753 magne
311 1695 404 1753 opere
430 1687 478 1735 est
504 1676 661 1736 laudanda
686 1697 755 1736 cum
782 1678 909 1736 amicior
934 1678 1069 1736 omnium

173 1779 307 1839 liberteti
323 1799 414 1856 quam
430 1800 504 1840 suae
520 1780 612 1838 fuerit
627 1780 839 1840 dominationi.

133 1892 157 1950 4
215 1886 335 1943 Dereus
350 1894 461 1958 autem,
479 1904 548 1944 cum
563 1904 601 1942 ex
617 1887 739 1960 Eurepe
755 1885 786 1942 in
802 1885 909 1944 Asiam
927 1886 1067 1959 redisset,
1089 1909 1119 1960 15

172 1986 367 2046 hortantibus
390 1997 497 2047 amicis
520 1997 553 2046 ut
573 1987 736 2046 Graeciam
759 1988 911 2065 redigeret
931 1988 1068 2047 insuam

172 2099 367 2166 potestetem,
393 2091 524 2150 classem
558 2086 795 2167 quingentenum
831 2092 954 2151 nevium
990 2112 1068 2151 com-

154 2192 291 2269 paravit
323 2203 414 2271 eique
447 2193 552 2252 Datim
588 2193 736 2270 praefecit
769 2204 799 2252 et
832 2196 1066 2272 Artaphernem,

172 2297 281 2373 hisque
298 2297 432 2355 ducenta
447 2296 594 2372 peditum,
606 2297 714 2354 decem
727 2295 863 2371 equitum
876 2298 958 2355 milia
971 2299 1066 2371 dedit,

172 2418 297 2459 causam
315 2398 501 2458 interserens
524 2407 557 2458 se
579 2399 701 2458 hostem
723 2417 793 2457 esse
814 2400 1065 2474 Atheniensibus,
1087 2427 1118 2462 20

172 2504 255 2579 quod
284 2511 389 2562 cerum
422 2502 535 2561 auxilie
572 2504 666 2562 Iones
700 2503 805 2560 Sardis
838 2513 1067 2580 expugnassent

138 2618 155 2669 2
172 2625 288 2682 suaque
308 2605 464 2682 praesidia
481 2605 716 2664 interfecissent.
764 2605 814 2663 Illi
828 2607 977 2682 praetecti
992 2607 1067 2684 regii

172 2709 271 2767 classe
288 2709 327 2767 ad
344 2710 502 2768 Euboeam
517 2709 648 2785 appulsi
664 2708 803 2767 celeriter
819 2708 966 2767 Eretriam
982 2717 1067 2786 cepe-

171 2822 242 2870 runt
262 2819 431 2888 omnesque
452 2811 518 2870 eius
535 2812 636 2890 gentis
652 2819 735 2870 cives
751 2812 896 2888 abreptos
913 2811 943 2869 in
960 2813 1066 2871 Asiam

172 2915 211 2973 ad
226 2922 327 2993 regem
344 2921 500 2974 miserunt.
547 2915 624 2972 Inde
648 2914 688 2972 ad
710 2914 846 2973 Atticam
869 2923 1066 2975 accesserunt
1085 2941 1116 2991 25

214 3097 224 3131 1
237 3085 494 3150 plerIque,pl12rimt'.
502 3098 558 3144 -4
570 3083 729 3149 dominetie,
739 3086 946 3146 imperium—7
959 3085 1064 3150 irtiliua,

170 3168 269 3216 melius.
278 3195 312 3204 -
323 3181 332 3214 1
340 3181 353 3232 5
370 3167 495 3231 redisset,
515 3168 662 3214 revertisset.
670 3193 704 3201 -
715 3165 746 3214 16
763 3168 947 3231 hortantibus,
958 3170 1066 3215 sudden-

170 3252 243 3300 tibus.
252 3277 286 3286 —
294 3265 326 3298 20
338 3250 510 3314 interserens,
521 3251 690 3311 interponens.
699 3277 733 3284 —
743 3263 773 3297 22
786 3247 926 3315 praefecti,
940 3252 1019 3297 duces.
