2509 3725
437 214 653 264 PELOPIDAS.
691 230 710 272 1,
725 228 746 263 2.
1009 213 1040 264 53

140 382 402 458 Peloponnesium
432 383 546 441 bellum
573 382 775 458 Athenasque
805 384 941 442 devictis
970 401 1041 441 cum

140 486 301 544 Thebenis
326 485 386 544 sibi
408 505 472 543 rem
497 504 565 544 esse
590 486 809 545 existimabant
834 496 865 545 et
891 494 945 545 eos
971 504 1040 545 esse

103 598 122 645 4
140 589 225 648 seles
240 598 293 664 qui
308 589 456 647 adversus
473 588 616 648 resistere
638 590 795 648 auderent.
842 590 912 647 Hec
938 598 1040 648 mente

140 701 248 751 amicis
264 702 328 751 suis
344 701 480 751 summes
500 699 671 769 potestetes
688 692 839 751 dederant
854 693 1039 768 alteriusque

140 796 286 855 factionis
301 796 457 873 principes
476 795 586 871 partim
608 795 835 867 interfecerant,
853 794 929 855 alie's
945 796 976 853 in
992 815 1040 854 ex·
1075 812 1089 864 5

141 899 243 957 silium
266 900 437 959 eiecerant:
461 899 493 957 in
516 898 629 974 quibus
654 899 819 975 Pelopides
842 900 900 972 hic,
917 900 955 958 de
979 906 1040 975 que

141 1004 275 1063 scribere
291 1012 392 1064 exersi
408 1023 522 1075 sumus,
540 1004 647 1080 pulsus
663 1002 763 1079 patrie
779 1003 912 1061 carebat.

102 1099 126 1157 2
186 1108 230 1165 Hi
251 1115 358 1166 omnes
378 1108 442 1166 fere
459 1108 600 1168 Athenais
623 1115 656 1167 se
680 1106 884 1176 contulerant,
900 1113 1040 1181 nonque

141 1220 343 1284 sequerentur
357 1211 462 1284 etium,
480 1212 535 1270 sed
551 1221 592 1284 ut,
610 1231 702 1289 quem
722 1231 760 1270 ex
779 1209 917 1286 proxime
939 1210 1040 1268 locum

140 1313 205 1371 fors
231 1313 402 1385 obtulisset,
430 1322 468 1374 eo
491 1315 621 1391 patriam
650 1326 831 1393 recuperare
861 1325 1038 1375 niterentur.
1060 1336 1090 1370 10

106 1419 253 1491 21taque
272 1436 341 1476 curn
360 1427 481 1494 tempus
498 1429 582 1478 esset
597 1428 696 1477 visum
717 1429 760 1479 rei
780 1420 943 1497 gerendae,
961 1437 1040 1477 com-

142 1519 274 1578 mimiter
292 1538 361 1579 cum
382 1521 419 1579 iis
441 1530 495 1597 qui
514 1521 632 1581 Thebis
653 1522 735 1581 idem
756 1523 940 1593 sentiebant,
957 1522 1040 1581 diem

142 1623 322 1699 delegerunt
348 1624 388 1682 ad
412 1624 552 1683 inimicos
578 1625 798 1701 opprimendos
823 1625 1040 1702 civitatemque

141 1726 333 1785 liberandam
350 1746 419 1785 eum
435 1736 497 1803 que
513 1728 637 1787 maiximi
652 1728 849 1806 magistratus
866 1728 955 1787 simul
971 1736 1041 1788 cen-

107 1831 124 1882 3
142 1836 268 1888 suerant
287 1831 413 1907 epuleri.
460 1832 593 1909 Megnae
610 1851 704 1910 saepe
720 1840 768 1892 res
784 1840 845 1893 non
863 1831 905 1891 ita
920 1841 1041 1910 megnis
1061 1858 1090 1911 15

142 1933 241 2008 copiis
264 1943 335 1992 sunt
357 1944 473 2011 gestae,
492 1935 547 1994 sed
569 1937 711 2012 profecte
731 1955 898 2013 numquam
918 1945 980 1995 tam
1001 1936 1040 1995 ab

97 2022 99 2025 ⁵
141 2045 229 2095 tenui
259 2035 346 2097 initio
375 2047 479 2096 tantae
510 2046 585 2115 opes
615 2049 687 2098 sunt
715 2039 905 2116 profligetae.
960 2042 1040 2097 Nam

142 2140 307 2199 duodecim
329 2142 554 2200 adulescentuli
576 2142 715 2202 coierunt
737 2162 774 2201 ex
797 2143 834 2201 iis
858 2152 911 2219 qui
933 2142 1041 2201 exsilii)

142 2252 231 2302 erant
260 2244 389 2316 multati,
421 2263 491 2302 cum
521 2253 647 2305 omnine
681 2253 743 2306 nen
775 2257 881 2305 essent
910 2246 1041 2322 amplius

142 2356 276 2419 centurn,
294 2357 346 2423 qui
367 2355 455 2407 tanto
474 2356 507 2407 se
529 2349 675 2408 offerrent
694 2351 839 2426 periculo.
884 2349 955 2423 Que
971 2369 1042 2424 pau·
1060 2379 1092 2413 20

107 2458 124 2506 4
142 2450 235 2509 citete
249 2451 392 2526 perculsa
408 2460 455 2510 est
472 2452 787 2511 Lacedaemoniorum
804 2452 952 2528 potentia.
998 2454 1042 2510 Hi

142 2553 225 2613 enim
244 2561 306 2613 non
326 2553 424 2631 magis
440 2554 684 2614 adversariorum
700 2556 829 2615 factioni
845 2575 936 2632 quam
955 2557 1040 2632 Spar-

142 2665 225 2715 tenis
248 2665 286 2716 eo
309 2666 447 2734 tempore
471 2657 586 2716 bellurn
610 2658 787 2730 intulerunt,
810 2668 861 2734 qui
887 2658 1041 2735 principes

142 2769 230 2818 erant
259 2767 354 2820 tetius
384 2760 554 2820 Graeciae:
586 2769 715 2836 querum
747 2762 854 2838 imperi
884 2762 1040 2834 meiestes,

142 2881 243 2938 neque
264 2862 306 2921 ita
325 2863 422 2922 multe
443 2872 523 2939 post,
546 2864 709 2922 Leuctricae
731 2873 834 2940 pugne
858 2864 896 2923 ab
919 2865 977 2922 hec
1000 2863 1043 2920 in·
1061 2892 1092 2944 25

108 2971 125 3020 5
142 2964 197 3024 itio
212 2966 355 3042 perculsa
369 2965 514 3024 concidit.
562 2966 612 3024 Illi
624 2966 716 3042 igitur
729 2966 900 3039 duodecim,
913 2974 1042 3043 querum

175 3139 188 3187 7
219 3127 308 3177 exerui
329 3140 432 3192 sumus,
454 3128 683 3189 incepimus-10
704 3128 858 3192 obtulisset,
879 3129 1042 3186 ostendisset;

141 3211 303 3274 niterentur,
332 3216 576 3272 concreatum-17
606 3211 692 3275 tenui,
711 3211 885 3274 parva-18
910 3212 1041 3277 coierunt,

140 3298 319 3343 convenerunt.
