2509 3725
449 222 657 273 HANNIBAL.
694 239 731 283 12,
746 239 784 288 ¹3·
1016 221 1064 275 -77

130 401 147 450 5
165 391 365 452 obsideretur.
412 393 491 450 Puer
506 410 575 449 cum
591 391 731 474 celeriter
753 390 828 467 quid
851 399 934 449 esset
955 400 1064 449 renun-

165 495 275 554 tiasset
287 501 455 570 omnesque
468 494 566 553 exitus
579 501 747 570 occupatos
757 493 954 567 ostendisset,
967 496 1063 554 sensit

165 598 196 657 id
213 606 275 657 non
290 599 416 657 fortuito
428 599 552 670 lactum,
567 598 622 657 sed
636 604 669 656 se
685 606 748 673 peti
764 616 864 673 neque
878 598 937 658 sibi
949 599 1063 658 diutius

166 710 261 760 vitam
283 720 352 760 esse
375 701 577 760 retinendam.
627 701 728 774 Quam
751 708 790 759 ne
813 702 915 761 alieno
937 702 1063 762 arbitrio

166 803 342 876 dimitteret,
368 823 485 862 memor
510 804 708 880 pristinarum
732 804 877 863 virtutum
900 813 1062 878 venenum,
1100 824 1113 875 5

167 908 251 985 quod
266 926 386 984 semper
402 915 506 966 seeum
522 908 636 966 habere
653 917 825 981 consuerat,
843 909 981 985 sumpsit.

116 1009 163 1069 13
210 1012 260 1069 Sic
283 1011 328 1068 vir
353 1011 549 1083 fortissimus,
576 1012 681 1071 multis
705 1012 858 1088 variisque
884 1013 1064 1088 perfunctus

167 1113 333 1186 laboribus,
362 1121 444 1173 anno
472 1114 628 1189 adquievit
656 1115 893 1192 septuagesimo.
943 1116 1064 1189 Quibus

168 1217 347 1278 consulibus
370 1217 528 1291 interierit,
547 1226 608 1278 non
630 1219 782 1278 convenit.
829 1221 971 1295 Namque
987 1220 1064 1278 Atti-

167 1341 222 1382 cus
246 1322 288 1380 M.
314 1321 446 1382 Claudio
469 1323 619 1382 Marcello
643 1323 680 1396 Q.
706 1322 803 1381 Fabio
826 1323 972 1382 Labeone
995 1330 1065 1382 con·
1086 1348 1115 1383 10

169 1425 286 1486 sulibus
305 1435 457 1485 mortuum
476 1426 508 1484 in
526 1427 631 1486 annali
648 1433 865 1502 subscriptum
883 1425 1016 1502 reliquit,
1033 1435 1066 1485 at

170 1532 315 1612 Polybius
339 1534 372 1591 L.
394 1530 526 1590 Aemilio
550 1530 646 1588 Paulo
670 1531 726 1588 Cn.
752 1529 868 1589 Baebio
891 1529 1064 1605 Tamphilo,

171 1635 323 1712 Sulpicius
354 1629 455 1693 auterir
488 1633 590 1692 Blitho
620 1635 653 1690 P.
681 1631 826 1692 Cornelio
853 1632 994 1709 Cethego
1020 1634 1063 1690 M.

135 1739 152 1790 2
171 1737 286 1796 Baebio
304 1737 477 1814 Tamphilo.
524 1738 626 1812 Atque
648 1736 698 1793 hic
718 1745 823 1793 tantus
843 1735 888 1792 vir
909 1744 1065 1811 tantisque

169 1841 257 1901 bellis
284 1841 441 1901 districtus
467 1839 608 1900 nonnihil
635 1838 781 1915 temporis
811 1838 917 1898 tribuit
947 1839 1064 1899 litteris.
1086 1862 1115 1916 15

170 1948 311 2023 Namque
341 1945 459 2021 aliquot
485 1944 551 2003 eius
578 1943 646 2002 libri
672 1952 752 2015 sunt,
780 1944 901 2001 Graeco
925 1950 1065 2001 sermone

170 2050 312 2121 confecti,
329 2048 360 2106 in
381 2048 419 2106 iis
439 2048 479 2106 ad
501 2046 642 2106 Rhodios
666 2046 704 2104 de
728 2048 784 2104 Cn.
803 2046 902 2103 Manli
917 2046 1066 2105 Volsonis

135 2152 199 2214 3in
218 2152 293 2211 Asia
313 2153 405 2211 rebus
425 2160 530 2227 gestis.
578 2149 680 2208 Huius
701 2148 773 2207 belli
793 2159 881 2225 gesta
902 2150 988 2207 multi
1007 2169 1066 2207 rne-

169 2256 282 2314 moriae
299 2254 508 2332 prodiderunt,
526 2254 582 2312 sed
603 2272 640 2311 ex
659 2254 706 2310 his
727 2253 797 2323 du0,
815 2262 867 2328 qui
887 2272 956 2335 cum
977 2261 1014 2312 eb
1035 2253 1066 2310 in

169 2368 278 2418 castris
298 2359 422 2417 fuerunt
440 2357 591 2433 simulque
611 2364 751 2414 vixerunt
773 2356 919 2432 quamdiu
944 2358 1067 2415 fortuna
1086 2380 1117 2413 20

168 2481 262 2539 passa
284 2471 340 2533 est,
359 2462 480 2519 Silenus
503 2470 533 2518 et
558 2459 676 2518 Sosilus
696 2459 970 2518 Lacedaemonius.
1015 2462 1067 2517 At-

170 2584 229 2642 que
245 2566 304 2623 hoc
321 2564 421 2632 Sosilo
436 2563 596 2622 Hannibal
612 2562 779 2621 litterarum
792 2564 978 2621 Graecarum
994 2572 1067 2621 usus

169 2679 217 2728 est
232 2669 366 2727 doctore.

136 2780 153 2829 4
214 2772 275 2855 Sed
299 2780 355 2830 nos
378 2781 500 2846 tempus
524 2779 571 2828 est
593 2769 684 2827 huius
707 2769 776 2827 libri
797 2770 900 2827 lacere
922 2770 1017 2827 finem
1036 2778 1068 2827 et

172 2876 380 2934 Romanorum
394 2874 546 2950 explicare
560 2873 769 2949 imperatores
781 2879 842 2947 quo
853 2871 984 2944 facilius,
997 2892 1067 2930 con·
1087 2895 1117 2946 25

172 2978 241 3036 latis
268 2986 465 3053 utrorumque
493 2976 594 3048 factis,
621 2984 674 3052 qui
697 2974 752 3032 viri
781 2975 976 3050 praeferendi
1006 2976 1068 3034 sint

171 3080 270 3156 possit
286 3082 421 3139 iudicari.
476 3102 480 3107 ·

213 3228 227 3278 3
246 3212 369 3278 fortuito,
391 3219 522 3273 crisa-7
541 3212 638 3276 varim,
658 3212 839 3276 &versia—9
857 3212 994 3277 convenit,
1016 3218 1068 3260 con-

170 3305 226 3345 stat.
234 3326 267 3333 -
277 3311 304 3358 17
324 3294 450 3361 confecti,
463 3301 558 3359 scripti.
