2509 3725
392 239 675 287 EPAlIlNONDAS.
715 253 752 287 ro.
990 239 1019 289 51

121 412 159 466 eo
171 406 288 483 patriae
304 406 465 466 consulere
481 407 605 480 diceret,
619 407 758 480 “vida”
775 406 882 483 inquit,
902 414 967 467 “na
988 415 1020 467 tu

121 511 209 587 peius
225 511 378 582 consulas,
393 519 445 586 qui
461 511 552 569 talem
568 530 605 569 ex
621 518 652 569 ta
668 519 775 569 natum
790 510 951 570 relicturus
966 520 1018 570 sis.

86 625 104 674 2
122 616 232 692 Neque
252 620 325 672 varo
344 612 438 688 stirps
458 622 562 689 potest
582 612 657 670 mihi
677 613 809 672 deesse:
833 632 964 691 namque
982 634 1020 673 ex

121 724 169 776 ma
192 725 297 775 natam
319 716 460 790 relinqua
482 725 617 793 pugnam
639 716 841 788 Leuctricam,
859 736 937 792 quae
956 724 1018 777 nan

121 820 214 879 modo
234 819 309 876 mihi
330 829 495 895 superstes
513 819 569 877 sed
589 818 681 877 etiam
705 818 885 878 immortalis
906 819 946 878 sit
969 839 1019 879 ne·
1056 838 1069 890 5

87 931 209 982 acesse
232 924 310 981 est.'’
355 922 427 995 Qud
453 931 590 998 tempore
617 922 696 980 duce
722 922 871 997 Pelopida
898 923 1018 982 exsulas

121 1026 247 1084 Thebas
273 1033 464 1101 occuparunt
491 1034 521 1083 et
546 1025 735 1102 praesidium
760 1026 1020 1085 Lacedaemonio-

120 1148 186 1186 rum
217 1147 254 1186 ex
283 1146 354 1186 arce
383 1128 573 1203 expulerunt,
604 1129 845 1204 Epaminondas,
874 1130 1019 1205 quamdiu

119 1232 204 1290 tacta
233 1240 280 1289 est
309 1232 421 1289 caedes
451 1231 571 1303 civium,
603 1232 697 1290 doma
730 1238 763 1290 se
797 1232 903 1305 tenuit,
934 1234 1018 1308 quod

120 1353 222 1410 neque
246 1335 344 1393 malos
370 1334 538 1393 defendere
561 1335 685 1393 volabat
707 1353 807 1410 neque
830 1335 1017 1412 impugnare,
1040 1360 1069 1396 10

120 1446 160 1497 na
190 1447 299 1496 manus
329 1444 453 1496 suorum
483 1436 633 1513 sanguine
663 1446 854 1496 cruentaret:
886 1458 1018 1515 namque

121 1562 243 1602 omnem
259 1543 380 1602 civilem
395 1544 553 1603 victoriam
569 1543 724 1601 fanestam
740 1543 879 1618 putabat.
918 1534 1016 1616 ldem,

121 1655 286 1722 postquam
305 1647 387 1723 apud
410 1647 578 1706 Cadmeam
597 1665 666 1703 cum
690 1645 945 1705 Lacedaemoniis
967 1656 1019 1722 pir-

120 1759 209 1827 gnari
224 1759 366 1827 coeptum
383 1759 438 1822 est,
457 1750 488 1807 in
504 1758 609 1826 primis
625 1749 719 1808 stetit.

88 1862 105 1911 4
165 1853 267 1913 Huius
286 1854 324 1914 de
343 1853 507 1913 virtutibus
525 1861 650 1930 vitaque
673 1852 749 1912 satis
772 1852 828 1912 erit
850 1852 975 1926 dictum,
993 1861 1019 1913 si
1040 1878 1069 1930 15

121 1959 180 2017 hac
194 1968 287 2016 imum
300 1957 477 2030 adiunxero,
491 1958 574 2033 quod
588 1965 678 2016 nemo
691 1956 747 2015 ibit
759 1957 881 2028 infitias
893 1958 1019 2016 Thebas

121 2072 152 2120 et
167 2071 239 2119 ante
254 2062 498 2138 Epaminandam
514 2069 620 2119 natum
637 2071 667 2119 et
682 2070 753 2136 post
766 2060 903 2118 eiusdem
919 2060 1019 2118 interi·

101 2175 185 2223 tum
208 2172 359 2240 perpetuo
382 2163 483 2223 aliena
509 2163 649 2240 paruisse
680 2163 817 2239 imperio,
842 2171 949 2222 contra
971 2183 1016 2236 ea,

121 2287 215 2344 quam
237 2266 291 2325 din
312 2267 362 2325 ille
384 2267 551 2343 praefuerit
573 2275 617 2324 rei
639 2265 790 2342 pirblicae‚
811 2275 903 2342 caput
922 2266 1019 2325 fuisse

115 2379 217 2431 ‘totius
227 2370 385 2429 Graeciae.
424 2373 470 2429 Ex
482 2378 543 2445 qua
556 2369 693 2446 intellegi
705 2378 808 2445 potest
821 2378 913 2427 imum
925 2369 1020 2428 homi·
1039 2397 1070 2432 20

121 2494 193 2533 nem
209 2474 304 2551 pluris
320 2494 411 2550 quam
427 2475 583 2533 civitatem
598 2474 703 2533 fuisse.

163 2657 179 2706 8
197 2658 339 2722 quamdiii,
357 2659 513 2721 quoad-9
534 2659 563 2708 sa
580 2657 680 2722 tenuit,
700 2659 911 2706 remansit—10
929 2655 1021 2708 dafen-

121 2744 193 2807 dere,
202 2746 315 2789 tuara-
323 2741 352 2790 16
364 2741 416 2792 init
427 2741 542 2805 infitias,
552 2742 695 2804 nagalta-
704 2753 730 2802 17
745 2741 897 2806 interitum,
906 2747 1020 2790 mortem.

120 2839 193 2873 -20
211 2824 345 2890 intellegi,
358 2830 474 2888 cagnasci.
