2509 3725
423 244 658 291 ALCIBIADES.
693 257 717 304 4,
732 256 754 308 5.
1005 242 1039 294 33

143 408 251 469 simum
263 419 346 469 ratus
358 410 586 487 impendentem
600 411 715 470 evitere
727 420 949 487 tempestatem,
960 411 1038 469 clam

143 520 175 571 se
195 514 235 572 ab
253 513 432 572 cirstedibus
451 513 595 572 subddxit
615 524 646 572 et
666 514 738 573 inde
758 523 889 589 primum
910 505 1038 586 Elidem,

110 616 212 675 5dein
242 617 367 675 Thebes
396 616 488 675 venit.
537 619 705 693 Postquam
735 627 837 675 autem
866 624 899 675 se
929 617 1039 693 capitis

142 720 319 779 damnatum
337 720 427 779 bonis
446 719 610 796 pflblicatis
631 720 755 791 audivit,
772 729 811 792 et,
828 720 860 778 id
880 720 963 796 quod
984 729 1040 779 [lsl'l

141 830 275 893 venerat,
288 822 486 900 Eumolpidas
502 823 679 882 sacerdetes
694 832 712 881 e
727 823 842 899 popule
861 831 986 883 coectes
1006 833 1039 883 ut
1073 838 1086 890 5

142 933 174 984 se
190 926 385 997 devoverent,
400 926 528 1003 eiusque
544 926 717 986 devetir'mis
729 934 791 1002 que
803 926 942 985 testatior
957 936 1040 987 esset

143 1029 296 1102 memoria,
324 1029 496 1106 exemplum
522 1029 554 1087 in
578 1030 642 1106 pile
667 1029 789 1106 lapidee
814 1030 945 1089 incisum
970 1049 1039 1089 esse

142 1132 275 1208 positum
312 1132 343 1189 in
379 1132 511 1208 pfiblice,
546 1133 811 1192 Lacedaemonem
848 1133 1038 1209 demigravit.

109 1236 199 1308 61bi,
231 1245 265 1294 ut
294 1235 360 1311 ipse
389 1236 568 1312 praedicere
597 1243 768 1309 censuerat,
799 1244 861 1295 nen
893 1237 1040 1295 adversus

142 1338 281 1414 patriam,
296 1338 351 1397 sed
363 1337 504 1398 inimices
516 1346 589 1398 sues
601 1338 716 1398 bellum
731 1340 834 1416 gessit,
849 1340 931 1415 quod
947 1340 1039 1398 iidem
1061 1360 1088 1395 10

142 1443 248 1501 hostes
274 1451 378 1501 essent
402 1442 539 1501 civiteti:
571 1462 641 1500 nam
667 1462 735 1501 cum
765 1443 978 1519 intellegerent
1007 1450 1041 1501 se

143 1545 305 1622 plnrimum
320 1546 467 1622 predesse
483 1564 576 1622 posse
593 1555 636 1604 rei
652 1546 801 1621 publicae,
814 1564 851 1604 ex
863 1556 900 1605 ea
912 1546 1041 1605 eiecisse

143 1650 272 1726 plnsque
288 1657 350 1707 irae
366 1667 440 1707 suae
456 1667 549 1724 quarn
569 1649 691 1707 dtilitrtti
714 1659 867 1708 communi
890 1649 1039 1726 paruisse.

109 1758 127 1810 7
144 1756 253 1829 Itaque
268 1753 359 1812 hr'rius
374 1752 505 1812 censilie
522 1752 760 1810 Lacedaemonii
776 1772 845 1811 cum
862 1756 955 1811 Perse
970 1760 1041 1828 rege

143 1856 308 1916 amicitiam
324 1857 470 1929 fecerunt,
489 1855 560 1916 dein
578 1855 743 1915 Deceleam
759 1856 790 1914 in
806 1856 910 1916 Attica
928 1856 1042 1915 memie-
1062 1879 1091 1931 ¹5

143 1971 214 2021 runt
228 1961 446 2038 praesidiaque
465 1960 507 2019 ibi
530 1967 679 2036 perpetue
701 1960 802 2036 posite
825 1960 856 2016 in
878 1959 1041 2018 obsidiene

144 2069 285 2126 Athenis
299 2074 471 2126 tenuerunt.
516 2058 663 2124 Eiusdem
674 2073 769 2140 opere
785 2064 905 2123 leniam
917 2073 935 2122 a
948 2064 1042 2122 socie-

143 2179 206 2230 rate
236 2177 412 2228 everterunt
442 2168 686 2227 Atheniensium.
732 2168 803 2241 Qus)
832 2168 916 2226 lacte
945 2168 1042 2225 multe

144 2273 316 2350 superieres
333 2273 413 2332 belle
428 2291 497 2331 esse
513 2279 690 2348 coeperunt.

103 2370 129 2430 5
185 2379 296 2452 Neque
315 2384 387 2435 vere
408 2377 457 2434 his
479 2376 571 2434 rebus
596 2384 660 2433 tam
686 2383 776 2433 amici
794 2373 947 2432 Alcibiadi
972 2383 1043 2432 sunt
1061 2398 1093 2432 20

142 2481 218 2539 lacti
233 2499 325 2555 quam
340 2479 448 2538 timere
465 2479 504 2537 ab
520 2486 557 2538 ee
573 2478 708 2537 alieneti.
754 2480 834 2536 Nam
850 2496 920 2535 cum
935 2476 1043 2536 ecerri-

142 2592 184 2641 mi
204 2583 262 2641 viri
283 2591 491 2659 praestantem
514 2582 709 2657 prssdentiam
732 2581 763 2638 in
786 2580 928 2639 omnibus
950 2580 1042 2639 rebus

143 2671 374 2764 cegnescerent,
386 2685 607 2762 pertimuerunt
618 2693 657 2744 ne
667 2685 794 2744 caritate
805 2684 921 2760 patriae
932 2684 1042 2743 ductus

143 2790 310 2866 aliquande
327 2790 365 2848 ab
381 2789 456 2865 ipsis
471 2789 658 2847 descisceret
672 2798 702 2848 et
718 2807 787 2847 cum
799 2797 863 2845 suis
873 2787 904 2844 in
913 2787 1042 2863 gretiam

142 2895 265 2953 rediret.
311 2895 420 2968 ltaque
436 2901 557 2968 tempus
579 2891 646 2949 eius
669 2891 872 2950 interficiendi
895 2909 1041 2966 quaerere
1061 2910 1091 2962 ²5

108 2996 349 3056 2instituerunt.
409 2994 446 3052 ld
482 2993 661 3053 Alcibiades
697 2993 811 3052 dintius
848 2993 941 3052 celeri
979 3002 1041 3052 nen

186 3203 216 3238 22
229 3189 410 3254 predandam,
419 3189 588 3252 sagacitatem.
595 3216 630 3223 -
639 3202 652 3236 2
655 3202 670 3256 3
683 3187 806 3255 ciritite,
814 3193 944 3237 ambra—
954 3137 986 3250 al
997 3187 1043 3239 de·

142 3275 277 3339 scisceret,
291 3271 409 3338 deficeret.
