2509 3725
453 200 674 253 PAUSANIAS.
710 214 732 252 2.
1008 196 1039 250 21

111 355 133 416 2
186 370 261 428 Post
276 369 307 428 id
322 370 473 446 proelium
489 372 622 430 eundern
641 369 827 429 Pausaniam
848 388 919 428 curn
940 368 1041 427 classe

143 481 297 530 commimi
313 474 449 551 Cyprum
464 482 556 549 atque
577 474 816 550 Hellespontum
834 479 991 543 miserunt,
1007 479 1042 529 ut

144 593 180 633 ex
194 575 243 635 his
263 575 440 653 regienibus
462 577 664 637 barbarorum
685 575 841 653 praesidia
863 574 1040 651 depelleret.

109 687 126 736 2
144 680 214 736 Pari
228 678 376 737 felicitate
392 678 423 737 in
439 688 476 738 ea
492 687 523 738 re
540 690 613 739 usus
629 679 740 738 elatius
756 685 789 737 se
809 697 914 755 gerere
938 676 1043 753 coepit

142 780 336 857 maieresque
373 791 517 859 appetere
554 790 612 841 res,
669 785 750 841 Nam
786 800 855 840 cum
893 780 1041 859 Byzantia
1075 793 1091 847 5

143 892 317 960 expugnata
354 884 488 962 cepisset
524 885 695 962 compleres
731 887 891 943 Persarum
920 882 1041 942 nabiles

143 996 236 1063 atque
259 986 290 1044 in
313 986 349 1045 iis
373 988 538 1047 nenmilles
561 988 641 1065 regis
663 994 862 1064 propinques
883 986 939 1046 hos
962 987 1042 1044 clam

143 1091 239 1148 Xerxi
254 1090 378 1162 remisit,
393 1090 542 1150 simulans
558 1110 596 1149 ex
607 1091 718 1149 vinclis
733 1090 864 1167 pirblicis
885 1088 1040 1166 effugisse,

143 1202 258 1251 etcum
274 1192 312 1251 iis
332 1194 507 1272 Gongylum
531 1194 745 1266 Eretriensem,
763 1202 816 1270 qui
838 1192 956 1251 litteras
978 1200 1041 1270 regi

142 1296 294 1368 redderet,
311 1296 342 1353 in
364 1297 476 1372 quibus
497 1298 574 1356 haec
593 1297 691 1356 tuisse
712 1306 827 1373 scripta
842 1296 1041 1375 Thucydides
1060 1316 1091 1353 ro

108 1400 125 1449 3
143 1398 308 1459 memoriae
324 1400 460 1476 prodidit
477 1423 483 1459 :
514 1408 531 1433 “
542 1400 722 1472 Pausanias,
737 1401 799 1459 dux
812 1402 949 1477 Spartae,
963 1407 1041 1475 ques

144 1505 273 1581 Byzanti
282 1510 415 1579 ceperat,
426 1513 591 1580 postquam
601 1512 792 1581 propinques
804 1512 874 1563 tues
887 1502 1040 1580 cognovit,

143 1606 200 1664 tibi
221 1615 338 1665 muneri
360 1606 444 1665 misit
467 1614 562 1683 seque
585 1614 687 1666 tecum
710 1607 873 1666 adfinitate
895 1605 1042 1683 coniungi
1061 1599 1068 1617 '

143 1708 251 1785 cupit:
280 1718 383 1785 quare,
409 1719 436 1769 si
461 1710 518 1769 tibi
540 1710 670 1782 videtur,
698 1711 753 1770 des
779 1719 808 1769 ei
832 1709 929 1767 filiam
957 1718 1042 1768 tuam

108 1816 125 1866 4
143 1800 281 1889 niptum.
327 1813 364 1872 ld
380 1822 410 1872 si·
420 1813 539 1886 ieceriS,
554 1822 584 1873 et
601 1815 743 1892 Spartam
758 1823 789 1873 et
804 1821 936 1873 ceteram
949 1814 1042 1873 Grae·
1061 1825 1091 1879 15

143 1917 223 1975 ciam
239 1917 296 1975 sub
313 1926 397 1975 tuam
412 1925 598 1993 potestatem
615 1925 657 1989 se,
672 1917 838 1976 adiuvante
854 1925 892 1989 te,
905 1917 1042 1977 redacta·

143 2039 210 2078 rum
224 2019 394 2097 pollicetur.
441 2022 501 2079 His
517 2021 555 2079 de
570 2021 663 2080 rebus
684 2029 710 2079 si
726 2021 800 2097 quid
819 2029 884 2097 geri
898 2020 1040 2093 volueris,

142 2133 260 2182 certum
289 2123 445 2181 hominem
475 2124 515 2182 ad
544 2143 613 2182 eum
643 2123 748 2183 mittas
776 2124 853 2195 face,
880 2142 950 2181 curn
980 2131 1043 2199 qud

109 2226 378 2301 5c0nloquatur.”
424 2229 491 2284 Rex
517 2236 563 2285 tot
589 2227 747 2286 hominum
771 2227 868 2285 salute
895 2235 957 2284 tam
983 2226 1043 2286 sibi

143 2329 388 2388 necessariarum
404 2337 516 2407 magne
532 2349 624 2406 opere
642 2339 768 2407 gavisus
789 2329 953 2389 censestim
972 2349 1043 2388 cum
1061 2345 1093 2381 20

143 2431 277 2509 epistula
302 2434 491 2492 Artabazum
517 2433 557 2492 ad
584 2433 769 2492 Pausaniam
795 2432 895 2506 mittit,
923 2433 954 2491 in
981 2443 1043 2509 qua

142 2555 213 2594 eum
228 2536 403 2608 conlaudat,
420 2536 505 2613 petit,
523 2544 562 2595 ne
579 2536 627 2594 cui
648 2545 692 2596 rei
713 2546 821 2613 parcat
843 2537 883 2595 ad
898 2555 935 2595 ea
953 2536 1042 2595 effici-

143 2638 225 2697 enda
242 2659 320 2715 quae
336 2639 518 2715 pollicetur:
542 2648 569 2698 si
591 2617 762 2716 perfecerit,
782 2640 893 2698 nullius
909 2648 953 2697 rei
973 2649 991 2698 a
1010 2648 1044 2700 se

107 2742 298 2819 6repulsam
327 2742 467 2802 laturum.
536 2742 640 2801 Huius
678 2742 847 2801 Pausanias
884 2742 1044 2801 voluntate

143 2845 268 2921 cegnita
284 2845 413 2904 alacrior
429 2847 468 2904 ad
484 2864 547 2904 rem
562 2846 731 2922 gerendam
742 2846 843 2905 factus
854 2845 885 2903 in
898 2845 1044 2922 suspicies
1063 2862 1094 2914 25

185 3029 199 3077 7
218 3015 394 3080 propinquos,
415 3018 573 3064 necessarios.
586 3043 620 3052 -
635 3029 663 3064 12
682 3016 817 3081 cognevit,
837 3018 955 3078 repperit.
967 3043 1000 3052 —
1014 3030 1042 3078 17

143 3103 296 3168 pollicetur,
316 3105 447 3165 promittit
453 3119 463 3160 ;
490 3103 556 3167 geri,
573 3103 691 3166 ῥινὶ-
706 3118 737 3152 20
755 3105 852 3167 migne
870 3115 958 3169 opere,
977 3103 1045 3152 vehe-

143 3197 249 3240 menter.
258 3217 292 3226 -
300 3188 455 3254 censestim,
468 3192 561 3238 statim.
