2509 3725
183 212 216 264 38
469 216 702 265 ALCIBIADES.
737 216 761 274 8,
774 230 801 280 9,

150 380 250 445 5eius
266 381 370 440 delicti
385 382 521 440 futurum
536 402 629 443 reum.
675 384 724 441 Ab
740 385 800 443 hec
820 383 984 441 discedens
1000 381 1081 441 Alci·
1149 452 1153 456 ‚
1246 369 1247 376 ἵ

184 484 301 556 biades,
317 485 527 558 “Quoniam‚”
544 486 653 563 inquit,
672 495 690 521 “
701 487 846 546 victoriae
861 486 979 562 patriae
994 495 1080 561 repir-

98 612 101 619 ⁴
183 598 270 665 gnis,
292 588 367 646 illud
387 597 506 662 moneo,
529 597 567 648 ne
590 591 674 649 iirxte
691 592 813 649 hostem
838 599 940 649 castra
962 590 1079 648 habeas

185 691 328 750 nautica:
351 692 520 768 periculum
543 676 590 751 est
613 694 703 766 enim,
727 701 766 752 ne
788 692 983 751 immodestia
1005 692 1079 749 mili-

184 804 249 853 turn
264 802 434 853 vestrorum
451 796 573 854 occasio
589 796 679 854 detur
695 797 854 875 Lysandro
870 805 964 854 vestri
980 794 1079 871 oppri-
1115 800 1131 855 5

150 902 168 951 6
185 898 288 956 mendi
300 898 482 957 exercitus.’'
518 901 626 974 Neque
640 918 677 958 ea
688 907 736 958 res
749 900 832 957 illum
844 899 963 957 fefellit.
998 901 1079 957 Nam

186 1001 352 1077 Lysander,
367 1020 436 1059 cum
450 1020 505 1078 per
520 1003 729 1079 speculatores
744 1011 945 1079 comperisset
956 1001 1079 1079 volgum

185 1104 421 1163 Atheniensium
438 1104 469 1163 in
486 1115 596 1164 terram
612 1106 793 1181 praeditum
809 1115 910 1164 exisse
921 1112 1078 1181 navesque

184 1226 282 1284 paene
312 1206 420 1266 inanes
448 1209 580 1281 relictis,
610 1218 732 1285 tempus
760 1218 803 1267 rei
832 1208 986 1285 gerendae
1016 1216 1078 1268 nen
1126 1228 1132 1239 ·

185 1310 300 1369 dimisit
315 1318 413 1386 eoque
429 1310 544 1387 impetu
559 1312 673 1370 bellum
689 1320 786 1371 tetum
802 1311 924 1371 delevit.
1099 1325 1130 1362 10

146 1414 169 1473 9
227 1418 268 1473 At
298 1414 486 1487 Alcibiades,
517 1424 606 1474 victis
637 1414 880 1474 Atheniensibus
910 1423 971 1475 non
1003 1416 1078 1475 satis

184 1527 251 1576 trita
265 1518 374 1576 eadem
389 1519 458 1577 loca
474 1518 533 1577 sibi
549 1518 709 1591 arbitrans,
726 1519 849 1595 penitus
868 1518 900 1576 in
915 1519 1079 1578 Thraciam

185 1628 218 1679 se
237 1630 329 1698 supra
345 1622 565 1697 Propontidem
582 1622 710 1695 abdidit,
728 1630 855 1699 sperans
872 1623 916 1681 ibi
933 1622 1078 1682 facillime

150 1734 167 1784 2
185 1743 270 1782 suam
282 1725 436 1783 fortunam
448 1725 547 1783 occuli
559 1744 661 1801 posse.
700 1725 800 1785 Falso.
839 1728 920 1783 Nam
930 1728 1076 1798 Threces,

184 1837 348 1904 postquam
370 1847 439 1887 eum
463 1847 532 1887 cum
553 1837 664 1906 magna
683 1828 815 1905 pecunie
832 1829 956 1889 venisse
976 1835 1078 1888 sense·
1098 1838 1129 1892 Ῑ5
1183 1839 1185 1842 ’

184 1942 262 2003 runt,
291 1931 419 1991 insidias
445 1932 608 1991 fecerunt:
645 1941 697 2008 qui
723 1952 760 1991 ea
786 1952 865 2009 quae
891 1941 1075 2008 apportarat,

150 2035 385 2106 3abstulerunt,
415 2035 515 2112 ipsum
545 2055 655 2111 capere
684 2043 747 2095 nen
776 2043 951 2112 potuerunt,
1021 2035 1077 2093 Ille

184 2146 313 2197 cernens
337 2139 450 2197 millum
474 2139 573 2197 locum
594 2138 654 2197 sibi
675 2149 772 2198 tutum
794 2139 824 2196 in
841 2139 972 2198 Graecie
990 2157 1078 2214 prop

184 2252 231 2300 ter
252 2241 420 2319 potentiam
444 2242 758 2301 Lacedaemoniorum
781 2243 821 2301 ad
845 2242 1077 2300 Pharnabazum

184 2346 215 2402 in
242 2344 348 2403 Asiam
375 2344 517 2404 transiit:
547 2365 638 2420 quem
664 2345 787 2421 quidem
814 2346 892 2405 adeo
915 2355 970 2404 sue
996 2345 1078 2421 cepit
1096 2363 1129 2398 20

184 2448 372 2506 humanitate
399 2457 432 2506 ut
454 2467 524 2506 eum
546 2456 637 2506 nemo
659 2448 690 2506 in
714 2448 848 2506 amicitia
870 2449 1075 2507 antecederet.

185 2553 325 2626 Namque
348 2560 377 2609 ei
399 2551 548 2629 Grynium
570 2551 707 2623 dederat,
724 2551 755 2609 in
780 2551 911 2628 Phrygia
933 2561 1075 2622 castrum,

183 2674 220 2712 ex
249 2662 310 2729 que
340 2661 556 2731 quinquagena
588 2654 705 2716 talenta
734 2653 892 2730 vectigalis
925 2654 1075 2730 capiebat.

149 2758 253 2830 4Quai
274 2759 398 2817 fortune
416 2757 594 2816 Alcibiades
618 2765 680 2816 non
703 2767 768 2815 erat
790 2765 954 2815 contentus
977 2775 1077 2831 neque

184 2861 323 2919 Athenas
338 2870 436 2919 victas
453 2860 708 2918 Lacedaemoniis
729 2871 842 2918 servire
862 2869 983 2936 poterat
1002 2868 1075 2935 pati.
1096 2882 1127 2934 ²5

184 2967 294 3039 ltaque
309 2965 349 3022 ad
364 2964 493 3041 patriam
512 2963 704 3022 liberandam
723 2971 806 3020 omni
824 2963 980 3022 ferebatur
998 2962 1077 3040 cogi·

225 3141 238 3192 5
259 3127 372 3193 occisis),
389 3128 597 3192 flectenda-10
617 3127 727 3186 delevit,
740 3129 777 3174 ad
791 3128 883 3190 finem
899 3127 1078 3187 pertinxit.—

184 3225 213 3276 13
231 3217 322 3276 eupli,
331 3219 482 3274 proeter.-
494 3225 522 3271 14
541 3213 634 3275 occuli,
647 3213 776 3258 celere—
785 3223 816 3257 20
831 3209 913 3274 cepit,
926 3210 1076 3257 conciliavit.

179 3309 251 3360 -24
268 3293 387 3361 fhrtslnd,
392 3294 590 3360 felecitate—2
594 3305 607 3359 5
625 3293 695 3358 pati,
702 3293 827 3358 pery'errt.
