2509 3725
195 230 228 281 62
490 230 709 281 nonsnnus.
747 229 803 295 5‚6.

196 398 364 458 cidissent:
399 418 531 475 namque
555 400 606 458 illa
628 398 831 471 multitudine,
856 407 882 457 si
907 407 982 457 sana
1006 405 1093 457 mans

196 512 287 575 esset,
313 502 463 562 Graeciae
490 503 674 579 supplicium
701 505 811 561 Persas
841 503 914 562 dare
943 502 1091 578 potuisse.

162 613 179 663 3
197 592 293 678 ldem,
310 625 379 664 cum
399 606 592 665 adversarios
613 607 693 664 intra
711 605 833 664 moenia
848 605 1047 681 compulisset
1062 616 1094 665 et

196 718 230 767 ut
242 708 424 769 Corinthum
440 718 635 786 oppugnaret
650 710 737 767 multi
752 709 954 781 hortarentur,
969 710 1093 785 negavit

196 812 227 870 id
251 831 324 870 suae
340 812 442 871 virtuti
465 821 647 871 convenire:
681 820 714 871 se
735 813 816 871 enim
838 831 906 871 eum
926 831 996 871 esse
1016 813 1093 872 dixit
1129 826 1142 878 5

196 926 249 993 qui
271 918 311 975 ad
333 917 466 976 officium
488 924 654 994 peccantes
677 918 775 976 redire
798 925 929 994 cogeret,
954 925 1015 976 non
1040 928 1092 993 qui

162 1020 288 1079 durbes
319 1021 529 1080 nobilissimas
559 1030 749 1098 expugnaret
777 1022 935 1081 Graeciae.
983 1024 1092 1079 “Nam

196 1125 252 1189 si.'’
269 1124 377 1200 inquit,
399 1132 480 1183 “eos
501 1124 695 1201 exstinguere
713 1124 898 1183 voluerimus
917 1134 969 1201 qui
991 1125 1093 1183 nobis-

196 1246 264 1285 cum
288 1228 436 1287 adversus
458 1228 606 1287 barbaros
630 1236 788 1299 steterunt,
811 1235 932 1287 nosmet
954 1228 1013 1305 ipsi
1035 1236 1092 1287 nos

196 1331 472 1408 expugnaverimus
488 1330 548 1389 illis
565 1331 804 1408 quiescentibus,
840 1332 911 1405 Quo
925 1332 1010 1391 facto
1025 1331 1091 1391 sine
1112 1350 1142 1385 10

195 1433 330 1510 negotio,
347 1454 415 1494 cum
432 1433 593 1506 voluerint,
610 1442 668 1493 nos
684 1435 887 1511 oppriment.'’

160 1528 183 1589 6
239 1536 367 1595 Interim
383 1536 494 1595 accidit
511 1536 563 1595 illa
579 1538 737 1597 calamitas
753 1539 836 1615 apud
852 1540 984 1597 Leuctra
1001 1541 1092 1597 Lace-

196 1641 376 1700 daemoniis.
409 1641 480 1714 Quo
496 1649 534 1700 ne
550 1642 802 1718 proficisceretur,
820 1661 888 1701 curn
904 1651 922 1701 a
937 1643 1091 1719 plerisque

196 1746 236 1803 ad
258 1744 432 1803 exeundum
453 1753 648 1821 premeretur,
667 1755 700 1804 ut
722 1755 749 1803 si
770 1745 809 1804 da
831 1746 914 1804 exitu
929 1746 1090 1817 divinaret,

197 1858 278 1908 exire
308 1850 414 1909 noluit.
472 1837 567 1922 ldem,
596 1869 664 1908 cum
692 1850 923 1925 Epaminondas
951 1851 1091 1926 Spartam
1112 1864 1141 1916 15

196 1962 388 2030 oppugnaret
406 1963 550 2029 essetque
570 1952 637 2012 sine
656 1963 750 2011 maris
771 1952 927 2029 oppidum,
944 1954 1035 2012 talem
1057 1961 1091 2012 se

197 2056 410 2132 imperatorem
430 2055 572 2132 praebuit
588 2066 620 2114 ut
636 2063 674 2115 eo
690 2066 827 2132 tempore
842 2056 985 2114 omnibus
1001 2065 1091 2132 appa-

196 2159 297 2230 ruerit,
315 2159 374 2217 nisi
390 2159 441 2218 ille
456 2159 574 2231 fuisset,
593 2161 734 2235 Spartam
754 2160 887 2217 futuram
908 2167 968 2219 non
984 2160 1089 2218 fuisse.

162 2265 232 2319 2ln
265 2270 326 2339 quo
355 2263 479 2338 quidem
510 2262 686 2321 discrimine
717 2262 857 2321 celeritas
887 2262 953 2321 eius
982 2263 1091 2322 consili

197 2366 287 2424 saluti
307 2365 364 2424 iuit
386 2365 544 2424 universis.
590 2368 669 2424 Nam
686 2385 755 2424 cum
771 2367 896 2442 quidam
915 2367 1091 2425 adulescen-
1111 2381 1142 2414 20

197 2470 260 2540 tuli,
278 2468 410 2526 hostium
428 2469 561 2527 adventii
576 2469 738 2544 perterriti,
756 2469 795 2528 ad
811 2470 979 2528 Thebanos
997 2478 1092 2528 trans-

195 2571 300 2648 fugere
311 2572 424 2629 vellent
435 2580 465 2628 et
475 2572 575 2629 locum
585 2581 671 2631 extra
682 2573 787 2630 urbem
800 2573 916 2631 aditum
927 2572 1090 2648 capissent,

196 2673 369 2750 Agesilaus,
384 2682 435 2748 qui
451 2675 746 2749 perniciosissimum
761 2675 827 2734 fore
844 2676 969 2747 videret,
988 2684 1014 2734 si
1030 2675 1092 2733 ani·

196 2777 389 2834 madversum
405 2786 488 2834 esset
504 2797 688 2853 quemquam
705 2779 744 2836 ad
768 2779 874 2837 hostes
900 2779 1091 2854 transfugere

196 2886 309 2951 conari,
332 2899 399 2938 cum
422 2889 486 2938 suis
502 2887 539 2938 eo
556 2881 639 2938 venit
659 2890 761 2956 atque,
783 2891 817 2939 ut
838 2891 863 2940 si
883 2883 967 2940 bono
989 2881 1092 2940 animo
1111 2892 1143 2943 ²5

239 3067 251 3100 2
270 3053 444 3118 supplicium,
453 3061 633 3116 poenam—3
651 3054 835 3118 compulisset,
849 3056 1029 3117 coegisset—7
1047 3057 1093 3106 no-

195 3136 354 3201 bilissimas,
368 3138 533 3184 clarissimas.
542 3165 575 3172 -
585 3150 610 3183 11
626 3137 743 3199 negotio,
757 3138 924 3184 labora-12
938 3137 1091 3201 calamitas,

194 3222 367 3280 clodia-14
386 3222 559 3285 premeratur,
580 3225 734 3284 urgeritum
758 3221 904 3284 divinaret,
918 3226 1092 3282 praesentiret.

193 3317 265 3350 —22
284 3304 397 3367 editum,
410 3305 500 3351 altum.
