2509 3725
409 242 706 291 THEMISTOCLES.
741 244 764 300 8,
777 257 800 306 9.
1021 242 1052 293 17

156 410 225 469 simi
237 410 292 469 viri
304 420 413 487 captus
429 411 638 469 misericordie
651 411 732 469 diem
746 421 929 486 noctemque
945 411 1051 487 procul

156 514 194 572 ab
218 514 317 571 insule
344 512 375 571 in
400 514 466 573 sale
492 523 601 572 navem
628 514 727 572 tenuit
750 514 782 571 in
806 523 927 572 ancoris
950 532 1051 590 neque

155 635 342 693 quemquam
357 636 395 675 ex
410 626 446 675 ee
463 626 544 675 exire
562 636 674 693 passus
689 626 745 675 est.
792 616 870 673 Inde
895 616 1051 692 Ephesum

155 719 294 796 pervenit
317 720 421 796 ibique
437 719 679 778 Themistoclem
697 720 842 795 exponit:
865 719 914 777 cui
929 719 979 777 ille
995 728 1050 796 pro

154 823 270 881 meritis
286 833 394 899 postea
409 824 538 899 gratiam
554 822 679 882 rettulit.
1087 838 1100 890 5

116 925 139 985 9
198 925 269 985 Scio
281 927 445 1003 plerosque
458 926 500 984 ita
513 925 683 1002 scripsisse,
694 926 936 985 Themistoclem
948 928 1051 985 Xerxe

51 1089 55 1099 ,
153 1038 303 1106 regnante
319 1030 350 1087 in
366 1030 472 1088 Asiam
488 1038 647 1088 transisse.
693 1030 756 1087 Sed
777 1048 835 1105 ego
857 1028 1050 1105 potissimum

154 1132 330 1210 Thucydidi
352 1134 454 1205 credo,
478 1134 562 1209 quod
584 1142 615 1191 et
638 1142 739 1191 aetate
763 1132 919 1208 proximus
945 1133 983 1191 de
1013 1133 1050 1192 iis

154 1245 207 1313 qui
223 1236 343 1294 illorum
359 1246 530 1312 temporum
546 1237 705 1295 historiam
720 1237 916 1312 reliquerunt,
928 1245 959 1294 et
974 1236 1050 1294 eius·

154 1332 225 1398 deni
241 1339 373 1399 civitatis
389 1340 455 1398 fuit.
494 1343 527 1399 ls
543 1351 645 1399 autem
661 1340 704 1399 ait
719 1341 759 1398 ad
775 1343 964 1398 Artaxerxen
981 1358 1051 1397 eum
1071 1364 1114 1423 ¹0.

119 1454 136 1504 2
153 1442 277 1501 venisse
298 1452 390 1520 atque
405 1443 453 1502 his
468 1444 571 1503 verbis
593 1443 758 1520 epistulam
781 1443 920 1502 misisse:
946 1443 1051 1501 “The-

154 1546 311 1605 mistocles
333 1554 403 1605 veni
426 1548 465 1605 ad
488 1554 526 1619 te,
551 1556 604 1624 qui
629 1547 760 1623 plurima
785 1547 866 1604 mala
892 1546 1050 1604 hominum

155 1648 316 1708 Graiorum
343 1648 374 1706 in
400 1650 525 1707 domurn
551 1660 636 1711 tuam
662 1650 759 1722 intuli,
784 1670 876 1726 quam
900 1650 952 1708 diu
975 1649 1051 1706 mihi

155 1771 283 1811 necesse
305 1752 363 1811 fuit
385 1754 548 1811 adversum
570 1763 688 1829 patrem
711 1763 797 1811 tuum
822 1754 937 1812 bellare
960 1753 1052 1830 patri-

120 1869 137 1920 3
155 1877 265 1934 amque
289 1878 387 1918 meam
411 1858 587 1918 defendere.
634 1852 721 1918 Idem
743 1859 839 1919 multo
860 1860 948 1936 plura
967 1860 1051 1919 bona
1072 1879 1100 1930 15

154 1962 223 2035 ieci,
240 1973 404 2039 postquam
427 1962 458 2021 in
481 1971 547 2022 tute
564 1963 630 2040 ipse
652 1973 683 2022 et
703 1963 753 2021 ille
774 1964 805 2021 in
826 1964 963 2040 periculo
981 1984 1050 2024 esse

155 2065 266 2143 coepit.
312 2069 391 2124 Nam
407 2086 477 2125 cum
499 2067 531 2124 in
554 2066 661 2124 Asiam
685 2077 795 2125 reverti
815 2067 916 2138 vellet,
933 2067 1051 2144 proelio

155 2170 238 2245 apud
255 2170 410 2228 Salamina
424 2170 508 2229 iacto
527 2170 636 2228 litteris
659 2189 727 2227 eum
751 2170 910 2229 certiorem
933 2171 993 2229 ieci
1019 2171 1050 2229 id

155 2282 213 2350 agi,
235 2282 269 2331 ut
291 2280 369 2348 pons
386 2292 477 2349 quem
492 2273 524 2331 in
542 2274 750 2348 Hellesponto
765 2274 888 2345 iecerat,
905 2274 1051 2332 dissolve-

155 2383 236 2434 retur
259 2386 350 2452 atque
373 2377 412 2434 ab
435 2377 577 2435 hostibus
604 2376 830 2435 circumiretur:
858 2385 919 2452 quo
942 2377 1051 2436 nuntio
1070 2395 1102 2428 20

120 2486 137 2534 4
155 2479 205 2537 ille
221 2480 357 2555 periculo
372 2490 420 2538 est
436 2480 591 2538 liberatus,
638 2482 667 2537 N
670 2499 729 2537 unc
750 2490 851 2538 autem
872 2481 996 2556 coniugi
1011 2481 1051 2539 ad

156 2590 186 2641 te
202 2582 373 2659 exagitatus
389 2592 530 2641 acuncta
554 2584 694 2655 Graecia,
711 2595 796 2642 tuam
818 2592 927 2661 petens
950 2584 1052 2642 amici-

157 2687 247 2745 tiam:
271 2707 362 2762 quam
383 2697 408 2746 si
429 2695 481 2747 ero
499 2688 639 2762 adeptus,
657 2694 718 2746 non
742 2689 843 2745 minus
865 2695 914 2745 me
936 2689 1052 2746 bonum

156 2799 288 2848 amicum
304 2791 432 2849 habebis
450 2810 541 2866 quam
554 2791 666 2848 fortem
677 2791 832 2849 inimicum
845 2790 895 2849 ille
909 2802 1052 2867 expertus

156 2902 212 2952 est.
268 2893 313 2951 Te
336 2903 437 2952 autern
461 2900 544 2970 rogo,
561 2903 595 2952 ut
617 2894 655 2952 de
678 2893 715 2951 iis
737 2894 828 2952 rebus
851 2903 928 2970 quas
951 2901 1052 2952 tecum
1072 2909 1102 2960 25

201 3081 211 3114 1
227 3069 333 3131 captu-t,
343 3073 480 3128 permeans.
491 3095 523 3102 ——
535 3081 549 3130 3
564 3080 661 3131 passus
673 3067 725 3130 est,
735 3068 861 3127 permisit.
871 3080 927 3127 -7
941 3066 1054 3130 potissi-

80 3179 84 3188 ·
156 3163 241 3214 mum,
259 3152 379 3198 maixime.
390 3179 422 3186 —
435 3165 464 3198 10
480 3150 531 3213 an,
548 3151 623 3198 dicit..
636 3179 670 3186 —
681 3164 707 3196 ιι
728 3149 885 3214 epistulam,
904 3152 1010 3197 litteras.
1021 3177 1054 3184 -

159 3248 189 3294 14
206 3235 360 3297 adversum,
378 3240 472 3282 contre.
483 3263 516 3267 -
525 3234 635 3298 bellare,
651 3235 741 3281 bellum
753 3250 847 3295 gerere.
857 3262 890 3270 -
900 3248 930 3282 22
946 3235 1052 3296 educti,

156 3320 286 3366 ziniversci.
297 3345 330 3352 —
341 3331 352 3363 2
356 3331 370 3380 3
385 3318 510 3381 adeptus,
524 3324 620 3364 nactus.
