2509 3725
10 1444 12 1527 l

8 1527 11 1663 l

446 208 680 259 nncramnas.
716 223 739 270 7,
751 207 774 257 a.
1028 206 1061 261 37

24 427 27 438 .
66 400 68 405 ·
162 377 241 437 ciam
256 377 381 450 introiit,
395 378 559 455 gleriasius
575 377 754 435 existimans
765 377 964 436 barbararum
977 396 1061 452 prae·

127 490 143 538 5
162 482 202 540 da
218 482 397 557 locupletari
414 499 505 557 quam
522 481 693 540 Graiarum.
739 480 810 552 Qua
825 499 862 538 ex
877 487 909 565 re
924 486 1061 539 creverat

162 604 232 643 cum
253 585 337 643 fama
358 593 421 642 tum
443 584 563 661 opibus,
581 592 787 660 magnamque
811 582 977 641 amicitiam
1000 583 1060 642 sibi

162 706 230 745 cum
248 686 432 763 quibusdam
449 686 571 763 regibus
587 686 740 745 Thraciae
755 695 926 762 pepererat.

119 794 144 854 8
206 792 316 866 Neque
331 798 471 848 tamena
494 788 621 848 caritate
644 788 762 865 patriae
784 788 884 864 potuit
906 789 1057 848 recedere.
1095 803 1109 856 5

163 895 243 950 Nam
265 911 335 951 cum
361 892 444 969 apud
471 895 574 969 Aegos
605 892 718 950 flamen
749 891 910 964 Philocles,
937 902 1060 967 praetor

162 994 405 1068 Atheniensium,
437 995 568 1053 classem
599 994 813 1054 censtituisset
841 1013 929 1052 suam
958 1014 1059 1071 neque

75 1132 77 1135 -
161 1098 252 1175 longe
268 1098 392 1157 abesset
408 1098 576 1176 Lysander,
593 1108 716 1174 praetor
733 1097 1057 1169 Lacedaemonierum,

162 1209 214 1277 qui
229 1200 260 1257 in
276 1208 314 1260 ea
330 1210 394 1259 erat
409 1209 578 1276 occupatus
594 1210 627 1258 ut
643 1200 758 1259 bellum
775 1219 866 1276 quam
887 1200 1058 1260 diatissime

162 1303 295 1376 duceret,
313 1304 396 1381 quod
412 1304 486 1380 ipsis
507 1303 638 1379 pecnnia
660 1312 678 1362 a
700 1311 771 1380 rege
793 1304 1056 1380 suppeditabatur,
1079 1324 1110 1358 ιο

162 1416 268 1465 contra
298 1406 543 1465 Atheniensibus
572 1407 730 1465 exhaustis
764 1416 885 1483 praeter
918 1426 1003 1464 arma
1028 1416 1058 1465 et

128 1517 256 1572 2naves
287 1510 361 1567 nihil
391 1519 456 1568 erat
485 1529 584 1586 super,
616 1509 793 1568 Alcibiades
823 1510 863 1568 ad
892 1510 1058 1589 exercitum

161 1612 245 1671 venit
269 1613 506 1671 Atheniensium
532 1613 637 1689 ibique
663 1622 825 1690 praesente
851 1613 942 1689 volga
968 1632 1058 1690 agere

162 1715 284 1791 coepit:
315 1725 341 1774 si
363 1716 485 1787 vellent,
504 1724 537 1774 se
560 1724 736 1775 coacturum
759 1717 951 1792 Lysandrum
974 1716 1058 1774 dimi-

162 1827 230 1878 care
247 1829 299 1878 aut
317 1828 424 1897 pacem
446 1829 551 1897 petere
574 1819 764 1897 spopondit,
795 1819 1057 1881 Lacedaemonias
1078 1848 1087 1882 1
1094 1846 1107 1899 ς

162 1931 199 1982 ea
218 1923 299 1982 nelle
322 1924 421 1981 classe
444 1924 618 2000 cendigere,
636 1924 720 2000 quod
742 1923 938 2000 pedestribus
960 1925 1057 2001 capiis

129 2037 146 2086 3
162 2027 230 2102 plus
247 2045 338 2102 quam
353 2026 485 2085 navibus
501 2027 640 2085 valerent
655 2050 662 2099 ;
685 2026 744 2085 sibi
760 2037 861 2085 autem
877 2047 946 2085 esse
966 2027 1057 2086 facile

164 2130 318 2200 Seuthem,
335 2136 439 2206 regem
461 2130 626 2201 Thracum,
648 2131 800 2188 adducere
827 2139 860 2188 ut
885 2149 955 2188 eum
977 2140 1058 2190 terra

162 2233 348 2308 depelleret;
387 2239 448 2309 qua
472 2232 556 2292 facte
578 2233 755 2292 necessarie
779 2244 831 2291 aut
859 2234 959 2292 classe
988 2243 1057 2294 can·

129 2336 313 2394 4flictarum
336 2345 389 2394 aut
413 2336 527 2394 bellum
550 2336 799 2412 compositarum.
846 2337 882 2395 ld
906 2347 964 2395 etsi
987 2345 1058 2396 vere
1077 2367 1109 2403 20

162 2439 277 2497 dictum
305 2439 457 2498 Philocles
485 2439 758 2511 animadvertebat,
778 2450 880 2498 tamen
902 2440 1058 2516 postulata

161 2542 263 2600 facere
286 2543 392 2614 naluit,
417 2542 500 2618 quod
522 2542 678 2601 sentiebat
701 2549 734 2600 se
751 2543 912 2601 Alcibiade
934 2552 1058 2619 recepte

162 2646 274 2703 nullius
290 2654 438 2705 mementi
454 2645 536 2720 apud
552 2646 719 2704 exercitum
734 2646 870 2704 futarum
886 2657 925 2718 et,
943 2657 968 2704 si
984 2647 1059 2722 quid

161 2749 290 2806 secundi
312 2748 475 2820 evenisset,
498 2749 611 2807 nullam
638 2749 669 2806 in
699 2759 735 2807 ea
765 2757 796 2808 re
826 2769 911 2807 suam
941 2760 1058 2824 partem

160 2851 235 2923 fore,
252 2858 360 2909 contra
375 2870 421 2923 ea,
438 2851 555 2927 siquid
576 2852 697 2909 adversi
720 2852 892 2922 accidisset,
909 2859 942 2909 se
965 2862 1058 2909 anum
1078 2882 1108 2934 25

202 3034 411 3098 4quibusdam,
447 3036 586 3082 nanmmis.
599 3037 793 3098 -pepererat,
828 3036 1059 3082 conciliaverat.-

163 3131 193 3166 10
210 3119 328 3180 duceret,
336 3118 495 3178 pradaceret.
503 3145 537 3152 —
545 3117 781 3180 suppeditabatur,
791 3117 907 3164 dabatur.
915 3145 948 3152 -
959 3131 987 3164 12
1000 3119 1060 3168 erat

160 3215 249 3266 super,
260 3199 457 3248 restabat-16
474 3199 656 3265 pedestIibus,
664 3200 888 3246 terrestribus.-1
893 3213 907 3260 7
925 3201 1057 3268 valerent,

158 3290 269 3348 possent.
