2509 3725
467 256 675 306 naumann.
709 255 732 315 6,
746 270 768 319 7.
1034 251 1064 308 71

168 423 362 505 (incredibile
379 424 477 505 dictu)
492 424 588 484 bidue
603 434 635 483 et
650 425 771 484 duribus
787 423 930 483 noctibus
944 423 1065 482 Hadru·

166 536 281 587 metum
300 527 447 605 pervenit,
465 528 548 604 quod
569 527 659 586 abest
675 527 715 585 ab
733 529 826 585 Zame
844 527 965 585 circiter
982 526 1066 584 milia

132 641 149 690 4
166 651 313 708 passuum
329 640 475 690 trecenta.
522 634 558 689 In
572 631 630 688 hec
642 630 715 706 iuge
729 629 890 701 Numidae,
907 638 959 706 qui
975 629 1065 688 simul

166 754 235 820 cum
251 742 288 794 ee
304 753 342 792 ex
360 732 425 792 acie
444 742 650 804 excesserant,
668 732 806 791 insidiati
825 742 897 790 sunt
915 742 964 804 ei;
988 740 1065 808 ques

165 846 229 897 nen
248 838 347 896 selum
366 836 481 913 effugit,
499 837 555 895 sed
575 835 669 894 etiam
688 835 773 912 ipses
792 835 956 911 oppressit.
1003 837 1065 893 Ha·
1102 850 1115 902 5

165 942 296 1000 drumeti
318 939 453 1015 reliques
476 946 492 998 e
516 939 589 1016 luge
613 938 765 1016 conlegit3
791 949 879 999 novis
900 938 1065 998 dilectibus

165 1053 272 1120 paucis
288 1043 399 1102 diebus
415 1043 527 1101 multes
546 1042 706 1101 contraixit.

131 1158 152 1216 7
208 1149 286 1207 Cum
302 1147 334 1204 in
350 1145 528 1222 apparande
540 1144 688 1204 ecemime
700 1154 784 1204 esset
796 1153 976 1221 occupatus,
988 1146 1065 1203 Kar-

166 1250 377 1328 theginienses
403 1248 518 1307 bellum
544 1267 614 1307 cum
642 1250 791 1307 Remenis
815 1254 1063 1324 composuerunt.

167 1354 224 1412 Ille
240 1353 336 1413 nihile
352 1351 448 1411 setius
465 1351 611 1410 exercitui
629 1360 740 1427 postee
757 1351 890 1428 praefuit
906 1358 1018 1426 resque
1033 1351 1064 1409 in
1085 1374 1116 1408 ιο

166 1449 269 1516 [lirici
293 1455 390 1534 gessit
416 1455 550 1532 itemque
577 1456 672 1532 Mege
696 1455 790 1513 freter
813 1454 879 1514 eius
903 1473 1001 1530 usque
1025 1454 1065 1513 ad

132 1564 199 1627 2P.
228 1559 396 1636 Sulpicium
428 1561 462 1618 C.
494 1558 653 1617 Aurelium
682 1559 835 1618 censules.
892 1559 952 1617 His
982 1558 1065 1616 enim

166 1661 396 1742 magistratibus
418 1662 511 1739 legeti
532 1661 810 1739 Karthaginienses
830 1663 962 1721 Remam
977 1669 1066 1721 vene-

166 1779 246 1842 runt,
270 1779 322 1845 qui
346 1776 468 1828 senetui
494 1766 672 1843 populeque
696 1766 837 1823 Remene
860 1764 975 1840 greties
997 1783 1066 1840 age·

166 1882 243 1945 rent,
260 1873 343 1949 quod
360 1891 428 1931 cum
444 1871 481 1930 iis
497 1879 606 1947 pecem
621 1868 779 1941 fecissent,
796 1869 837 1926 ob
854 1887 984 1944 eamque
1001 1887 1064 1926 rem
1086 1888 1114 1940 15

166 1984 281 2035 cortine
305 1984 397 2034 auree
420 1982 474 2034 ees
499 1974 651 2032 demerent
680 1971 833 2048 simulque
861 1979 1003 2047 peterent
1032 1980 1065 2029 ut

166 2078 292 2138 obsides
318 2086 423 2137 cerum
451 2076 599 2154 Fregellis
626 2084 733 2134 essent
758 2082 934 2150 captivique
960 2073 1066 2133 redde

133 2190 279 2241 3rentur.
331 2183 392 2240 His
415 2199 453 2239 ex
475 2188 602 2239 senetus
627 2178 770 2238 censulte
791 2183 976 2253 respensum
1000 2186 1065 2236 est:

167 2294 277 2343 mimus
299 2291 403 2342 cerum
426 2292 547 2359 gretum
569 2290 792 2357 acceptumque
815 2298 902 2352 esse;
929 2279 1064 2353 obsides,

167 2395 229 2464 que
245 2388 312 2446 loce
328 2395 481 2464 rogerent,
497 2386 626 2456 futures,
640 2391 780 2459 captives
796 2390 857 2442 nen
874 2390 1064 2454 remissures
1085 2406 1117 2440 κο

167 2490 251 2567 quod
276 2490 495 2561 Hannibalem,
521 2488 607 2547 cirius
632 2495 726 2563 opere
750 2495 928 2562 susceptum
951 2486 1066 2545 bellum

166 2595 255 2666 foret,
279 2592 523 2652 inimicissimum
548 2590 666 2651 nemini
691 2592 842 2662 Remene,
867 2589 960 2648 etiam
984 2609 1066 2648 nunc

167 2717 237 2755 cum
252 2697 380 2773 imperie
398 2697 481 2773 apud
500 2694 667 2753 exercitum
687 2694 838 2752 haberent
857 2692 992 2770 itemque
1010 2694 1067 2752 irai-

133 2811 245 2866 4trem
268 2800 335 2859 eius
361 2801 536 2877 Megenem.
597 2800 668 2856 Hec
692 2803 843 2873 respense
869 2796 1067 2873 Karthegini-

167 2912 258 2963 enses
288 2902 412 2981 cegnite
443 2900 655 2960 Hannibalem
686 2900 810 2957 domum
841 2908 873 2958 et
900 2900 1066 2976 Megenem
1086 2918 1117 2971 ²5

166 3016 357 3066 revocarunt.
405 3007 477 3063 Hire
503 3012 537 3062 ut
562 3003 662 3074 rediit,
690 3010 742 3060 rex
771 3002 873 3060 iactus
903 3012 959 3075 est,
986 3012 1068 3078 post-

167 3130 260 3187 quam
283 3110 448 3186 imperetor
467 3109 576 3179 iuerat,
594 3113 676 3164 anne
696 3106 834 3164 secunde
853 3114 884 3164 et
902 3106 1066 3166 vicesime:

211 3258 221 3291 1
250 3244 340 3307 bidae,
366 3243 461 3290 duabus
486 3241 645 3298 difflua-4
670 3239 738 3303 acie,
757 3240 945 3300 proelia-10
971 3238 1066 3303 setius,

165 3328 342 3374 minua—20
360 3326 494 3389 rogitent,
509 3329 710 3385 peterent—27
730 3322 856 3387 emundi,
869 3323 956 3368 altere

1029 3406 1044 3444 ἱ
