2509 3725
205 226 239 277 48
467 228 750 277 EPAMINONDAS.
785 229 809 286 6,
822 242 844 289 7.

206 404 318 472 pugna.
363 397 444 454 Tum
459 396 541 454 enim
556 396 694 473 perfecit,
712 396 796 473 quod
814 407 885 473 post
903 395 1052 473 apparuit,
1070 406 1104 456 ut

207 499 320 558 auxilii)
336 499 576 558 Lacedaemonii
592 500 745 558 sociarum
761 509 959 576 privarentur.

170 604 192 664 7
249 601 357 661 Fuisse
387 602 555 678 patientem
586 610 772 678 suarumque
802 602 927 662 iniurias
952 603 1103 663 ferentem

206 704 326 777 civium,
351 705 435 782 quod
457 712 490 763 se
513 705 630 781 patriae
653 714 744 765 irasci
767 706 855 765 nefas
876 724 945 765 esse
967 707 1101 779 duceret,

205 799 285 866 haec¹
301 818 373 867 sunt
392 808 579 867 testimt'mia.
624 811 702 868 Cum
725 828 795 867 eum
817 819 942 886 propter
956 810 1103 868 invidiam
1141 825 1154 877 5

206 917 289 969 cives
319 920 365 969 sui
394 912 560 987 praeficere
589 912 735 971 exercitui
771 912 944 972 noluissent
980 913 1103 990 duxque

205 1023 289 1073 esset
304 1015 442 1073 delectus
464 1016 537 1074 belii
560 1015 727 1093 imperitus,
745 1015 832 1075 cuius
851 1024 952 1076 errare
968 1024 1103 1076 enasset

206 1125 339 1183 deducta
362 1124 414 1183 illa
436 1125 600 1185 multituda
622 1126 751 1184 militum
767 1136 800 1185 ut
818 1134 925 1185 omnes
946 1127 984 1185 de
1005 1127 1102 1187 salute

205 1227 464 1304 pertimescerent,
493 1229 577 1305 quod
603 1229 739 1300 loccirum
769 1230 919 1307 angustiis
945 1231 1042 1289 clausi
1064 1232 1103 1289 ab

205 1332 347 1391 hostibus
370 1332 600 1405 obsidebantur,
627 1333 795 1391 desiderari
817 1343 928 1409 coepta
952 1343 1000 1393 est
1027 1336 1155 1410 Epa-10

205 1436 370 1495 minandae
386 1436 563 1513 diligentia:
587 1434 748 1494 eratenim
765 1435 808 1493 ibi
826 1444 961 1512 privatus
976 1444 1103 1497 numeri>
1249 1441 1250 1502 i

171 1546 188 1596 2
206 1540 319 1599 militis.
353 1532 455 1616 siqui>
472 1559 542 1599 cum
558 1548 700 1616 peterent
714 1557 814 1615 opem,
832 1539 946 1597 millam
962 1540 1104 1600 adhibuit

206 1643 383 1701 memoriam
399 1642 603 1702 contumeliae
620 1652 651 1700 et
667 1641 833 1700 exercitum
849 1642 1010 1702 obsiditine
1031 1644 1104 1702 libe-

171 1751 304 1805 3ratum
328 1746 453 1805 domum
482 1745 602 1805 reduxit
624 1744 817 1803 incolumem.
863 1747 930 1803 Nec
951 1753 1023 1806 veni
1044 1747 1103 1806 htic

204 1850 298 1910 semel
310 1849 392 1920 iecit,
404 1850 460 1909 sed
469 1848 601 1926 saepius.
637 1847 773 1907 Maxime
785 1858 886 1907 autem
895 1848 954 1908 fuit
966 1849 1101 1925 inlustre,
1125 1870 1155 1921 15

204 1973 273 2013 cum
296 1954 326 2010 in
350 1953 598 2029 Peloponnesum
620 1951 787 2011 exercitum
802 1953 941 2012 duxisset
956 1954 1103 2013 adversus

205 2055 469 2115 Lacedaemonius
491 2056 680 2131 haberetque
702 2055 847 2131 conlegis
870 2056 957 2128 ducis,
975 2065 1103 2132 qucirum

204 2161 284 2218 alter.
296 2170 362 2219 erat
378 2159 551 2235 Pelopidas
569 2159 613 2216 vir
628 2159 718 2217 fortis
733 2167 776 2219 ac.
786 2166 937 2218 strenuus.
975 2161 1018 2217 Hi
1034 2180 1103 2218 cum

204 2263 382 2322 criminibus
405 2261 648 2321 adversariarum
667 2268 775 2320 omnes
793 2261 824 2318 in
844 2262 990 2321 invidiam
1005 2264 1103 2322 venis-

204 2376 273 2425 sent
288 2367 329 2425 ob
345 2385 474 2442 eamque
496 2384 560 2424 rem
580 2364 740 2441 imperium
763 2364 800 2422 iis
823 2375 907 2423 esset
922 2366 1101 2442 abrogatum
1122 2385 1154 2420 20

204 2480 296 2546 atque
317 2470 348 2527 in
371 2477 476 2529 etirum
498 2469 598 2527 locum
621 2468 673 2525 alii
694 2475 852 2543 praetores
868 2470 1101 2541 successissent,

169 2575 186 2624 4
206 2574 435 2649 Epamintindas
457 2572 562 2649 populi
587 2579 667 2630 sciti>
691 2578 753 2630 utin
780 2571 880 2647 paruit
904 2571 1047 2648 idemque
1069 2583 1102 2631 ut

203 2677 341 2734 iacerent
363 2675 516 2752 persuasit
539 2674 676 2751 conlegis
699 2684 730 2732 et
752 2674 867 2732 bellum
893 2675 977 2750 quod
1003 2682 1102 2734 susce

203 2787 298 2854 perat,
333 2779 438 2856 gessit.
491 2781 633 2852 Namque
671 2777 943 2850 animadvertebat,
975 2778 1034 2837 nisi
1070 2779 1103 2837 id

203 2881 337 2952 fecisset,
369 2889 467 2940 ttitum
498 2881 668 2938 exercitum
698 2888 822 2956 propter
847 2888 1022 2956 praeturum
1051 2881 1102 2940 im·
1122 2900 1154 2951 25

169 2996 185 3044 5
203 2985 397 3061 prudentiam
413 2983 627 3058 inscitiamque
644 2983 716 3041 belli
737 2983 913 3059 periturum.
959 2986 1023 3043 Lex
1038 2995 1103 3044 erat

203 3089 320 3147 Thebis
353 3107 431 3164 quae
467 3097 565 3144 morte
595 3086 755 3157 multabat,
788 3094 814 3144 si
844 3087 913 3162 quis
942 3087 1102 3164 imperium

247 3235 273 3268 11
289 3223 407 3285 numeni,
421 3222 478 3268 loca
487 3248 520 3255 —
530 3233 558 3266 12
577 3232 666 3283 opem,
679 3220 860 3268 auxilium.-
870 3233 899 3284 13
912 3220 1100 3285 contumeliae,

203 3307 391 3364 iniuriam-14
410 3304 580 3370 incolumem,
594 3305 703 3350 salvum.
