2509 3725
188 207 221 261 24
481 208 702 263 rnusnums
738 225 761 273 4,
776 221 797 277 ς.

189 378 263 437 lium
292 380 468 457 cenlirgisse
498 380 529 437 in
564 389 657 452 aram,
688 381 884 457 perturbatus
919 378 1005 437 venit
1040 386 1086 439 ee.

190 482 290 554 Quem
306 502 376 541 cum
391 482 561 559 supplicem
584 484 634 542 dei
649 483 766 542 videret
788 482 819 540 in
830 463 832 466 Ι
842 490 894 541 rire
917 482 1086 555 sedentem,

190 585 310 661 quaerit
330 605 441 644 causae
455 586 529 661 quid
545 586 585 644 sit
600 596 663 644 tam
678 594 830 661 repentini
846 585 964 645 censili.
1004 585 1088 643 Huic

155 687 249 759 6ille,
281 688 355 764 quid
384 708 421 747 ex
450 689 560 748 litteris
589 688 801 765 comperisset,
831 690 938 765 aperit.
989 689 1087 747 Modo

189 790 286 868 magis
304 792 473 851 Pausaniris
489 792 686 867 perturbatus
702 799 790 850 erere
808 792 911 869 coepit
933 799 972 850 ne
995 799 1087 850 enim·
1123 804 1137 856 5

189 894 280 953 tieret
306 914 364 953 nec
393 902 426 953 se
456 894 596 953 meritum
627 895 666 953 de
695 893 748 953 iliu
777 894 892 971 optime
921 895 1086 970 prederet:

189 997 273 1073 quod
288 1006 314 1055 si
329 1016 395 1055 eam
412 998 532 1056 veniam
549 997 607 1056 sibi
623 997 762 1057 dedisset
777 1006 932 1073 tantisque
953 997 1088 1074 implica-

189 1110 253 1160 tum
269 1101 360 1161 rebus
379 1101 580 1173 sublevasset,
597 1108 711 1177 magne
734 1109 763 1159 ei
784 1100 920 1177 praemie
941 1101 1084 1159 futurum.

151 1201 174 1261 5
233 1204 294 1263 His
310 1205 402 1263 rebus
417 1204 524 1280 ephori
542 1203 674 1280 cognitis
690 1203 787 1262 satius
802 1212 950 1280 putarunt
965 1203 996 1261 in
1012 1203 1087 1262 urbe

188 1326 259 1366 eum
288 1307 516 1384 comprehendi.
562 1308 634 1380 Que
663 1326 732 1365 cum
762 1316 868 1365 essent
896 1307 1027 1382 profecti
1056 1316 1138 1365 etro

189 1411 360 1469 Pausanies
383 1410 506 1487 plaicaito
521 1410 648 1487 Argilio,
665 1419 699 1468 ut
720 1410 859 1486 putebat,
882 1410 1087 1468 Lacedaemo

188 1533 259 1573 nem
274 1520 484 1585 reverteretur,
501 1512 532 1571 in
549 1512 667 1585 itinere,
684 1532 753 1571 cum
769 1513 876 1571 iamin
892 1520 930 1572 ee
950 1523 1034 1571 esset
1053 1522 1087 1571 ut

189 1617 509 1694 comprehenderetur,
531 1635 568 1674 ex
593 1616 679 1674 voltir
706 1616 864 1675 cuiusdam
891 1616 1006 1692 ephori,
1034 1625 1087 1692 qui

189 1741 259 1780 eum
274 1722 433 1780 admoneri
449 1718 602 1796 cupiebat,
620 1719 750 1778 insidias
766 1719 825 1778 sibi
840 1720 905 1778 fieri
926 1719 1085 1778 intellexit.

155 1827 299 1901 21taque
315 1833 422 1902 paucis
447 1833 518 1883 ante
541 1822 690 1900 gradibus
706 1841 798 1899 quarn
818 1832 870 1900 qui
890 1842 959 1882 eum
981 1830 1087 1900 seque·
1108 1848 1137 1900 15

188 1930 309 2001 bantur,
327 1929 357 1986 in
382 1928 489 1987 aedem
506 1927 676 1998 Minervae,
693 1946 772 2003 quae
789 1927 984 1986 Chalcioicos
999 1936 1087 1986 voca·
1107 1977 1112 1983 .

189 2042 246 2105 tur,
266 2031 412 2108 confugit.
458 2031 543 2089 Hinc
563 2037 601 2088 ne
618 2039 700 2088 exire
720 2040 835 2106 posset,
853 2030 956 2088 statim
979 2030 1086 2107 ephori

189 2136 294 2194 valves
328 2135 394 2194 eius
427 2134 515 2193 aedis
548 2134 767 2193 obstruxerunt
802 2140 978 2208 tectumque
1015 2142 1088 2192 sunt

155 2239 336 2311 3dem6liti,
361 2245 422 2314 que
444 2237 575 2296 celerius
598 2237 656 2295 sub
679 2237 751 2295 dive
777 2235 922 2294 interiret.
968 2238 1088 2294 Dicitur

190 2351 228 2403 ed
243 2352 380 2420 tempore
399 2351 527 2401 matrem
551 2339 723 2399 Pausaniae
739 2338 851 2397 vixisse
875 2358 1004 2416 eamque
1027 2340 1087 2397 iam
1106 2355 1139 2390 20

190 2453 303 2523 magne
326 2455 409 2518 netu,
426 2455 590 2522 postquam
613 2444 653 2502 de
677 2442 793 2501 scelere
815 2442 861 2499 fiir
883 2442 1039 2518 comperit,
1056 2442 1087 2500 in

190 2559 295 2626 primis
311 2550 350 2608 ad
366 2549 464 2607 filium
485 2546 690 2606 claudendum
712 2545 845 2622 lapidem
868 2545 908 2604 ad
930 2544 1088 2604 introitum

156 2653 277 2712 ‹laedis
303 2653 452 2712 attulisse.
499 2652 561 2708 Hic
590 2669 660 2709 cum
690 2648 877 2708 semianimis
906 2649 945 2707 de
974 2649 1089 2726 temple

192 2758 290 2816 eletus
306 2766 397 2828 esset,
414 2753 577 2814 confestim
594 2753 727 2810 animam
744 2751 865 2810 efflavit.
912 2753 962 2810 Sic
978 2754 1089 2810 Pausa·

192 2860 259 2919 nisis
278 2869 420 2936 megnam
442 2857 516 2916 belli
537 2856 666 2933 glbriam
691 2864 773 2932 turpi
794 2864 889 2912 morte
913 2854 1087 2914 maculavit.
1109 2870 1140 2922 25

236 3047 245 3081 r
267 3034 449 3098 perturbatus,
464 3036 673 3093 permotus-3
691 3028 836 3092 repentini,
854 3029 1003 3088 subita-4
1021 3039 1091 3078 eom-

191 3117 317 3182 perisset,
331 3117 488 3180 cognovisset.
498 3128 556 3177 —9
574 3113 672 3177 satius,
686 3113 864 3175 melius-15
883 3111 1019 3176 gradibus,
1034 3119 1091 3174 pas-

191 3200 351 3249 sibun—16
368 3200 472 3262 aedem,
494 3198 709 3258 templum—19
729 3196 779 3245 sub
803 3194 875 3258 divi,
899 3195 1022 3252 sublove,
1045 3195 1091 3242 sub

192 3287 265 3335 caeli.
275 3313 309 3319 —
319 3297 348 3330 22
368 3281 521 3344 introitum,
535 3281 651 3327 ienuam.
