2509 3725
469 214 687 267 inerrantes.
721 215 781 279 e7.
1056 213 1073 267 t

173 392 257 445 rctur
277 386 367 465 isque
388 389 563 449 hortaretur
582 387 695 449 milites
709 388 921 465 proeliumque
936 386 1072 447 commit·

139 498 157 547 4
175 495 262 547 teret.
306 480 395 547 ddem
416 488 466 547 ille
487 488 628 565 populus,
645 497 849 565 posteaquam
865 487 964 547 maius
980 488 1072 564 impe

173 589 254 647 rium
265 600 313 650 est
324 601 434 651 nactus
446 601 477 651 et
489 590 652 668 largitione
664 591 898 669 magistratuum
911 599 1072 667 corruptus

176 702 233 765 est,
249 702 404 753 trecentas
427 703 546 753 statuas
572 693 729 754 Demetrio
754 693 903 753 Phalereo
926 693 1070 752 decrevit.

138 799 161 859 7
220 798 296 855 Post
317 797 376 856 hoc
397 797 547 873 proelium
569 797 702 855 classem
728 796 925 873 septuaginta
949 794 1072 855 navium
1109 811 1123 864 5

176 899 385 960 Athenienses
412 900 512 959 eidem
539 899 676 959 Miltiadi
701 899 862 971 dederunt,
893 908 926 959 ut
955 899 1073 958 insulas

177 1021 257 1079 quae
272 1003 419 1063 barbaros
435 1003 624 1076 adiuverant,
635 1001 718 1063 bello
732 1010 975 1079 persequeretur.
1001 1002 1074 1075 Quo

177 1105 209 1163 in
226 1104 354 1181 imperio
369 1107 532 1183 plerasque
548 1105 588 1164 ad
604 1105 738 1164 officium
757 1106 856 1165 redire
872 1106 982 1183 coegit,
999 1112 1073 1164 norr-
1109 1141 1113 1147 -

140 1218 159 1268 2
177 1208 278 1267 nullas
292 1218 322 1267 vi
337 1209 531 1286 expugnavit.
563 1211 608 1268 Ex
623 1210 672 1268 his
688 1211 799 1267 Parum
815 1208 947 1267 insulam
962 1207 1074 1284 opibus

177 1311 291 1371 elatam
306 1331 375 1371 cum
391 1313 530 1399 oratione
546 1311 745 1371 reconciliare
761 1319 823 1371 non
838 1320 954 1388 posset,
967 1310 1074 1387 copias
1094 1332 1124 1367 ro

177 1422 195 1473 e
214 1414 344 1474 navibus
366 1416 479 1488 eduxit,
499 1416 606 1475 urbem
630 1414 776 1492 operibus
797 1414 909 1474 clausit
928 1422 1074 1490 omnique

177 1527 352 1578 commeatu
367 1519 506 1595 privavit,
523 1518 595 1577 dein
611 1527 709 1578 vineis
724 1528 762 1578 ac
777 1517 985 1577 testudinibus
1005 1525 1075 1576 con·

141 1632 159 1682 3
177 1620 293 1680 stitutis
304 1622 431 1698 propius
442 1629 545 1682 muros
558 1621 700 1681 accessit.
724 1624 802 1682 Cum
815 1620 918 1680 iamin
932 1629 1073 1695 coesset,

178 1733 213 1796 ut
228 1725 344 1801 oppido
365 1733 521 1801 potiretur,
537 1725 645 1802 procul
666 1725 696 1783 in
714 1725 887 1785 continenti
909 1725 1005 1797 lucus,
1022 1734 1075 1801 qui

1147 750 1209 781 f

178 1846 217 1887 ex
239 1829 338 1888 insula
360 1828 616 1906 conspiciebatur,
634 1828 740 1889 nescio
756 1836 818 1906 quo
833 1837 907 1889 casu
922 1834 1075 1888 nocturno
1095 1848 1124 1902 ις
1179 1845 1182 1851 ·

178 1941 316 2008 tempore
333 1932 477 1991 incensus
490 1942 546 1991 est.
571 1933 668 1993 Cuius
679 1933 803 1991 flamma
814 1943 848 1991 ut
860 1934 899 1992 ab
910 1932 1075 2009 oppidanis

179 2044 211 2093 et
226 2036 553 2112 oppugnatoribus‘est
568 2045 643 2109 visa,
661 2045 798 2112 utrisque
813 2036 943 2095 venitin
960 2035 1076 2112 opinio-

143 2148 162 2197 4
180 2156 251 2196 nem
267 2146 388 2215 signum
403 2148 421 2197 a
437 2139 602 2198 classiariis
617 2139 708 2216 regiis
724 2139 838 2198 datum.
875 2140 946 2213 Quo
961 2140 1076 2197 iactum

180 2251 228 2300 est
240 2251 315 2300 utet
328 2242 408 2300 Parii
420 2251 439 2302 a
451 2242 610 2302 deditione
628 2243 854 2302 deterrerentur
865 2252 896 2301 et
907 2242 1074 2313 Miltiades,

179 2344 291 2404 timens
305 2352 343 2404 ne
355 2345 464 2404 classis
476 2345 559 2422 regia
575 2345 763 2417 adventaret,
781 2345 916 2405 incensis
932 2345 1077 2422 operibus
1096 2366 1127 2401 20
1173 2338 1178 2346 ’

181 2467 260 2524 quae
286 2457 444 2520 statuerat,
472 2467 542 2508 cum
571 2448 702 2507 totidem
732 2449 865 2507 navibus
889 2458 983 2525 atque
1012 2457 1078 2506 erat

178 2551 346 2627 profectus,
367 2552 507 2611 Athenas
538 2560 649 2628 magna
674 2570 743 2609 curn
770 2551 942 2611 offensione
966 2551 1078 2610 civium

145 2661 304 2713 5suorum
335 2654 457 2713 rediret.
503 2657 676 2713 Accusatus
707 2661 780 2731 ergo
809 2663 857 2713 est
885 2654 1077 2731 proditionis,
1109 2642 1181 2718 a...

182 2757 275 2834 quod‚
291 2776 361 2815 cum
379 2761 489 2816 Parum
505 2765 682 2834 expugnare
699 2768 815 2834 posset,
834 2766 853 2816 a
870 2765 940 2835 rege
959 2777 1079 2834 corrup

182 2870 231 2919 tus
254 2861 377 2921 infectis
401 2862 493 2920 rebus
516 2860 723 2920 discessisset.
769 2863 813 2921 Εό
831 2869 967 2938 ternpore
989 2879 1080 2939 aeger
1099 2879 1129 2931 ²5

182 2973 248 3024 erat
262 2965 438 3024 volneribus
456 2983 535 3041 quae
551 2964 583 3021 in
599 2965 809 3040 oppugnando
825 2965 940 3040 oppido
956 2971 1081 3040 accepe-

224 3132 239 3182 3
258 3119 301 3168 est
319 3119 424 3182 nactus,
443 3125 480 3166 est
495 3123 646 3166 co‘nsecritur.
657 3117 714 3165 -8
733 3115 886 3182 nonnullis,
906 3119 1081 3181 quasdam.—

185 3214 215 3250 10
232 3201 344 3266 elutum,
357 3202 499 3263 superbam.
509 3229 543 3236 —
554 3214 583 3264 13
602 3203 701 3265 minda,
716 3202 832 3258 moem'ru
855 3201 980 3265 accessit,
993 3209 1082 3264 cappro

175 3287 325 3348 pinqudvr't.
335 3312 368 3319 —
378 3298 410 3332 20
423 3284 533 3348 iimina,
546 3289 637 3331 verbm
644 3300 656 3341 ,·
673 3285 844 3348 adveniret,
853 3289 1006 3346 pervem‘ret.
