<?xml version="1.0" encoding="UTF-8"?>
<!DOCTYPE html PUBLIC "-//W3C//DTD XHTML 1.0 Transitional//EN"
    "http://www.w3.org/TR/xhtml1/DTD/xhtml1-transitional.dtd">
<html xmlns="http://www.w3.org/1999/xhtml" xml:lang="en" lang="en">
 <head>
  <title>
</title>
<meta http-equiv="Content-Type" content="text/html;charset=utf-8" />
  <meta name='ocr-system' content='tesseract 3.04.00' />
  <meta name='ocr-capabilities' content='ocr_page ocr_carea ocr_par ocr_line ocrx_word'/>
</head>
<body>
  <div class='ocr_page' id='page_1' title='image "./selectedlivesfr02nepogoog_0044.png"; bbox 0 0 2509 3725; ppageno 0'>
   <div class='ocr_carea' id='block_1_1' title="bbox 208 213 862 281">
    <p class='ocr_par' dir='ltr' id='par_1_1' title="bbox 208 213 862 281">
     <span class='ocr_line' id='line_1_1' title="bbox 208 213 862 281; baseline 0.003 -18"><span class='ocrx_word' id='word_1_1' title='bbox 208 213 240 264; x_wconf 88' lang='grc'>18</span> <span class='ocrx_word' id='word_1_2' title='bbox 453 217 751 267; x_wconf 88' lang='lat' dir='ltr'>THEMISTOCLES.</span> <span class='ocrx_word' id='word_1_3' title='bbox 787 231 809 281; x_wconf 90' lang='lat'>9,</span> <span class='ocrx_word' id='word_1_4' title='bbox 826 230 862 266; x_wconf 85' lang='lat' dir='ltr'>ro.</span> 
     </span>
    </p>
   </div>
   <div class='ocr_carea' id='block_1_2' title="bbox 160 385 1248 3041">
    <p class='ocr_par' dir='ltr' id='par_1_2' title="bbox 206 385 1108 566">
     <span class='ocr_line' id='line_1_2' title="bbox 206 385 1108 462; baseline -0.002 -17"><span class='ocrx_word' id='word_1_5' title='bbox 206 387 350 462; x_wconf 86' lang='lat' dir='ltr'>conloqui</span> <span class='ocrx_word' id='word_1_6' title='bbox 360 389 438 459; x_wconf 83' lang='lat' dir='ltr'>volo,</span> <span class='ocrx_word' id='word_1_7' title='bbox 450 408 585 445; x_wconf 89' lang='lat' dir='ltr'>annuum</span> <span class='ocrx_word' id='word_1_8' title='bbox 599 387 675 444; x_wconf 90' lang='lat' dir='ltr'>mihi</span> <span class='ocrx_word' id='word_1_9' title='bbox 691 394 812 462; x_wconf 90' lang='lat' dir='ltr'>tempus</span> <span class='ocrx_word' id='word_1_10' title='bbox 825 385 880 444; x_wconf 89' lang='lat' dir='ltr'>des</span> <span class='ocrx_word' id='word_1_11' title='bbox 896 392 996 462; x_wconf 80' lang='lat' dir='ltr'>eoque</span> <span class='ocrx_word' id='word_1_12' title='bbox 1011 392 1108 444; x_wconf 82' lang='lat' dir='ltr'>trens</span> 
     </span>
     <span class='ocr_line' id='line_1_3' title="bbox 209 489 674 566; baseline -0.002 -18"><span class='ocrx_word' id='word_1_13' title='bbox 209 496 280 548; x_wconf 82' lang='lat' dir='ltr'>ecto</span> <span class='ocrx_word' id='word_1_14' title='bbox 295 489 336 547; x_wconf 92' lang='lat' dir='ltr'>ad</span> <span class='ocrx_word' id='word_1_15' title='bbox 351 496 381 547; x_wconf 91' lang='lat' dir='ltr'>te</span> <span class='ocrx_word' id='word_1_16' title='bbox 397 498 501 548; x_wconf 90' lang='lat' dir='ltr'>venire</span> <span class='ocrx_word' id='word_1_17' title='bbox 516 489 674 566; x_wconf 79' lang='lat' dir='ltr'>patieris&#39;’</span> 
     </span>
    </p>

    <p class='ocr_par' dir='ltr' id='par_1_3' title="bbox 160 590 1159 1081">
     <span class='ocr_line' id='line_1_4' title="bbox 160 590 1107 669; baseline -0.005 -16"><span class='ocrx_word' id='word_1_18' title='bbox 160 592 207 653; x_wconf 90' lang='lat'>10</span> <span class='ocrx_word' id='word_1_19' title='bbox 252 592 354 650; x_wconf 80' lang='lat' dir='ltr'>Huius</span> <span class='ocrx_word' id='word_1_20' title='bbox 370 599 423 651; x_wconf 85' lang='lat' dir='ltr'>rex</span> <span class='ocrx_word' id='word_1_21' title='bbox 439 592 532 650; x_wconf 91' lang='lat' dir='ltr'>animi</span> <span class='ocrx_word' id='word_1_22' title='bbox 545 592 789 669; x_wconf 80' lang='lat' dir='ltr'>megnitridinem</span> <span class='ocrx_word' id='word_1_23' title='bbox 800 592 956 651; x_wconf 82' lang='lat' dir='ltr'>admireris</span> <span class='ocrx_word' id='word_1_24' title='bbox 969 590 1107 669; x_wconf 91' lang='lat' dir='ltr'>cupiens-</span> 
     </span>
     <span class='ocr_line' id='line_1_5' title="bbox 210 694 1106 771; baseline 0.001 -19"><span class='ocrx_word' id='word_1_25' title='bbox 210 713 269 771; x_wconf 87' lang='lat' dir='ltr'>que</span> <span class='ocrx_word' id='word_1_26' title='bbox 285 695 378 753; x_wconf 75' lang='lat' dir='ltr'>talem</span> <span class='ocrx_word' id='word_1_27' title='bbox 393 695 491 753; x_wconf 92' lang='lat' dir='ltr'>virum</span> <span class='ocrx_word' id='word_1_28' title='bbox 507 695 566 754; x_wconf 91' lang='lat' dir='ltr'>sibi</span> <span class='ocrx_word' id='word_1_29' title='bbox 584 694 743 754; x_wconf 64' lang='lat' dir='ltr'>conciliari</span> <span class='ocrx_word' id='word_1_30' title='bbox 765 695 886 753; x_wconf 91' lang='lat' dir='ltr'>veniam</span> <span class='ocrx_word' id='word_1_31' title='bbox 909 694 1003 754; x_wconf 85' lang='lat' dir='ltr'>dedit.</span> <span class='ocrx_word' id='word_1_32' title='bbox 1050 694 1106 753; x_wconf 89' lang='lat' dir='ltr'>Ille</span> 
     </span>
     <span class='ocr_line' id='line_1_6' title="bbox 210 796 1159 875; baseline 0 -20"><span class='ocrx_word' id='word_1_33' title='bbox 210 816 301 855; x_wconf 89' lang='lat' dir='ltr'>omne</span> <span class='ocrx_word' id='word_1_34' title='bbox 317 796 392 855; x_wconf 92' lang='lat' dir='ltr'>illud</span> <span class='ocrx_word' id='word_1_35' title='bbox 408 807 530 875; x_wconf 89' lang='lat' dir='ltr'>tempus</span> <span class='ocrx_word' id='word_1_36' title='bbox 553 798 662 856; x_wconf 89' lang='lat' dir='ltr'>litteris</span> <span class='ocrx_word' id='word_1_37' title='bbox 685 805 879 873; x_wconf 68' lang='lat' dir='ltr'>sermonique</span> <span class='ocrx_word' id='word_1_38' title='bbox 896 799 1057 856; x_wconf 64' lang='lat' dir='ltr'>Persarum</span> <span class='ocrx_word' id='word_1_39' title='bbox 1073 804 1106 855; x_wconf 92' lang='lat' dir='ltr'>se</span> <span class='ocrx_word' id='word_1_40' title='bbox 1146 812 1159 864; x_wconf 84' lang='lat'><strong>5</strong></span> 
     </span>
     <span class='ocr_line' id='line_1_7' title="bbox 210 900 1107 977; baseline -0.001 -19"><span class='ocrx_word' id='word_1_41' title='bbox 210 900 348 959; x_wconf 89' lang='lat' dir='ltr'>dedidit:</span> <span class='ocrx_word' id='word_1_42' title='bbox 372 901 484 977; x_wconf 90' lang='lat' dir='ltr'>quibus</span> <span class='ocrx_word' id='word_1_43' title='bbox 500 901 579 959; x_wconf 83' lang='lat' dir='ltr'>adeo</span> <span class='ocrx_word' id='word_1_44' title='bbox 595 901 733 959; x_wconf 88' lang='lat' dir='ltr'>eruditus</span> <span class='ocrx_word' id='word_1_45' title='bbox 748 910 805 973; x_wconf 90' lang='lat' dir='ltr'>est,</span> <span class='ocrx_word' id='word_1_46' title='bbox 819 910 852 959; x_wconf 91' lang='lat' dir='ltr'>ut</span> <span class='ocrx_word' id='word_1_47' title='bbox 867 900 963 959; x_wconf 83' lang='lat' dir='ltr'>multo</span> <span class='ocrx_word' id='word_1_48' title='bbox 975 919 1107 958; x_wconf 91' lang='lat' dir='ltr'>commo-</span> 
     </span>
     <span class='ocr_line' id='line_1_8' title="bbox 210 1002 1108 1081; baseline -0.001 -19"><span class='ocrx_word' id='word_1_49' title='bbox 210 1002 280 1062; x_wconf 92' lang='lat' dir='ltr'>dius</span> <span class='ocrx_word' id='word_1_50' title='bbox 296 1004 416 1063; x_wconf 77' lang='lat' dir='ltr'>dicetur</span> <span class='ocrx_word' id='word_1_51' title='bbox 432 1004 514 1080; x_wconf 91' lang='lat' dir='ltr'>apud</span> <span class='ocrx_word' id='word_1_52' title='bbox 530 1011 632 1081; x_wconf 89' lang='lat' dir='ltr'>regem</span> <span class='ocrx_word' id='word_1_53' title='bbox 648 1005 741 1062; x_wconf 92' lang='lat' dir='ltr'>verba</span> <span class='ocrx_word' id='word_1_54' title='bbox 756 1003 869 1062; x_wconf 80' lang='lat' dir='ltr'>iecisse</span> <span class='ocrx_word' id='word_1_55' title='bbox 882 1022 973 1080; x_wconf 92' lang='lat' dir='ltr'>quam</span> <span class='ocrx_word' id='word_1_56' title='bbox 989 1002 1010 1060; x_wconf 95' lang='lat' dir='ltr'>ii</span> <span class='ocrx_word' id='word_1_57' title='bbox 1024 1012 1108 1079; x_wconf 91' lang='lat' dir='ltr'>pote·</span> 
     </span>
    </p>

    <p class='ocr_par' dir='ltr' id='par_1_4' title="bbox 176 1105 1160 1595">
     <span class='ocr_line' id='line_1_9' title="bbox 176 1105 1108 1182; baseline 0 -19"><span class='ocrx_word' id='word_1_58' title='bbox 176 1121 193 1171; x_wconf 82' lang='lat'>2</span> <span class='ocrx_word' id='word_1_59' title='bbox 209 1116 287 1179; x_wconf 87' lang='lat' dir='ltr'>rant,</span> <span class='ocrx_word' id='word_1_60' title='bbox 302 1116 354 1182; x_wconf 92' lang='lat' dir='ltr'>qui</span> <span class='ocrx_word' id='word_1_61' title='bbox 370 1106 401 1164; x_wconf 91' lang='lat' dir='ltr'>in</span> <span class='ocrx_word' id='word_1_62' title='bbox 418 1107 544 1166; x_wconf 85' lang='lat' dir='ltr'>Perside</span> <span class='ocrx_word' id='word_1_63' title='bbox 560 1116 649 1165; x_wconf 90' lang='lat' dir='ltr'>erant</span> <span class='ocrx_word' id='word_1_64' title='bbox 664 1115 738 1166; x_wconf 80' lang='lat' dir='ltr'>neti,</span> <span class='ocrx_word' id='word_1_65' title='bbox 771 1108 833 1165; x_wconf 90' lang='lat' dir='ltr'>Hic</span> <span class='ocrx_word' id='word_1_66' title='bbox 848 1126 918 1165; x_wconf 91' lang='lat' dir='ltr'>cum</span> <span class='ocrx_word' id='word_1_67' title='bbox 934 1105 1029 1166; x_wconf 91' lang='lat' dir='ltr'>multa</span> <span class='ocrx_word' id='word_1_68' title='bbox 1044 1113 1108 1182; x_wconf 88' lang='lat' dir='ltr'>regi</span> 
     </span>
     <span class='ocr_line' id='line_1_10' title="bbox 210 1209 1108 1287; baseline -0.002 -19"><span class='ocrx_word' id='word_1_69' title='bbox 210 1219 294 1268; x_wconf 91' lang='lat' dir='ltr'>esset</span> <span class='ocrx_word' id='word_1_70' title='bbox 322 1210 477 1286; x_wconf 90' lang='lat' dir='ltr'>pollicitus</span> <span class='ocrx_word' id='word_1_71' title='bbox 506 1209 777 1287; x_wconf 60' lang='lat' dir='ltr'>gratissimumque</span> <span class='ocrx_word' id='word_1_72' title='bbox 807 1209 891 1282; x_wconf 91' lang='lat' dir='ltr'>illud,</span> <span class='ocrx_word' id='word_1_73' title='bbox 915 1218 941 1267; x_wconf 92' lang='lat' dir='ltr'>si</span> <span class='ocrx_word' id='word_1_74' title='bbox 970 1217 1035 1267; x_wconf 89' lang='lat' dir='ltr'>suis</span> <span class='ocrx_word' id='word_1_75' title='bbox 1064 1218 1108 1268; x_wconf 82' lang='lat' dir='ltr'>irti</span> 
     </span>
     <span class='ocr_line' id='line_1_11' title="bbox 210 1312 1160 1389; baseline 0 -18"><span class='ocrx_word' id='word_1_76' title='bbox 210 1312 348 1371; x_wconf 80' lang='lat' dir='ltr'>censiliis</span> <span class='ocrx_word' id='word_1_77' title='bbox 370 1314 471 1385; x_wconf 89' lang='lat' dir='ltr'>vellet,</span> <span class='ocrx_word' id='word_1_78' title='bbox 488 1313 573 1371; x_wconf 92' lang='lat' dir='ltr'>illum</span> <span class='ocrx_word' id='word_1_79' title='bbox 595 1312 759 1372; x_wconf 87' lang='lat' dir='ltr'>Graeciam</span> <span class='ocrx_word' id='word_1_80' title='bbox 778 1313 861 1373; x_wconf 85' lang='lat' dir='ltr'>bello</span> <span class='ocrx_word' id='word_1_81' title='bbox 881 1322 1106 1389; x_wconf 79' lang='lat' dir='ltr'>oppressurum,</span> <span class='ocrx_word' id='word_1_82' title='bbox 1129 1335 1160 1371; x_wconf 90' lang='lat' dir='ltr'>ro</span> 
     </span>
     <span class='ocr_line' id='line_1_12' title="bbox 211 1415 1108 1491; baseline -0.001 -18"><span class='ocrx_word' id='word_1_83' title='bbox 211 1425 330 1491; x_wconf 80' lang='lat' dir='ltr'>megnis</span> <span class='ocrx_word' id='word_1_84' title='bbox 353 1416 530 1475; x_wconf 80' lang='lat' dir='ltr'>muneribus</span> <span class='ocrx_word' id='word_1_85' title='bbox 549 1416 588 1474; x_wconf 88' lang='lat' dir='ltr'>ab</span> <span class='ocrx_word' id='word_1_86' title='bbox 609 1419 778 1475; x_wconf 85' lang='lat' dir='ltr'>Artaxerxe</span> <span class='ocrx_word' id='word_1_87' title='bbox 800 1417 935 1475; x_wconf 79' lang='lat' dir='ltr'>denetus</span> <span class='ocrx_word' id='word_1_88' title='bbox 953 1415 984 1473; x_wconf 91' lang='lat' dir='ltr'>in</span> <span class='ocrx_word' id='word_1_89' title='bbox 1001 1415 1108 1473; x_wconf 91' lang='lat' dir='ltr'>Asiam</span> 
     </span>
     <span class='ocr_line' id='line_1_13' title="bbox 210 1518 1106 1595; baseline 0.002 -20"><span class='ocrx_word' id='word_1_90' title='bbox 210 1519 301 1577; x_wconf 86' lang='lat' dir='ltr'>rediit</span> <span class='ocrx_word' id='word_1_91' title='bbox 338 1519 587 1595; x_wconf 90' lang='lat' dir='ltr'>domiciliumque</span> <span class='ocrx_word' id='word_1_92' title='bbox 625 1518 806 1595; x_wconf 75' lang='lat' dir='ltr'>Magnesiae</span> <span class='ocrx_word' id='word_1_93' title='bbox 842 1519 902 1577; x_wconf 84' lang='lat' dir='ltr'>sibi</span> <span class='ocrx_word' id='word_1_94' title='bbox 938 1518 1106 1578; x_wconf 82' lang='lat' dir='ltr'>constituit.</span> 
     </span>
    </p>

    <p class='ocr_par' dir='ltr' id='par_1_5' title="bbox 176 1622 1248 2095">
     <span class='ocr_line' id='line_1_14' title="bbox 176 1622 1108 1698; baseline 0 -19"><span class='ocrx_word' id='word_1_95' title='bbox 176 1624 353 1698; x_wconf 85' lang='lat' dir='ltr'>3Namque</span> <span class='ocrx_word' id='word_1_96' title='bbox 379 1622 460 1680; x_wconf 91' lang='lat' dir='ltr'>hanc</span> <span class='ocrx_word' id='word_1_97' title='bbox 486 1623 592 1681; x_wconf 91' lang='lat' dir='ltr'>urbem</span> <span class='ocrx_word' id='word_1_98' title='bbox 618 1630 647 1681; x_wconf 89' lang='lat' dir='ltr'>ei</span> <span class='ocrx_word' id='word_1_99' title='bbox 673 1630 725 1681; x_wconf 86' lang='lat' dir='ltr'>rex</span> <span class='ocrx_word' id='word_1_100' title='bbox 751 1623 881 1681; x_wconf 75' lang='lat' dir='ltr'>denerat</span> <span class='ocrx_word' id='word_1_101' title='bbox 909 1622 957 1681; x_wconf 93' lang='lat' dir='ltr'>his</span> <span class='ocrx_word' id='word_1_102' title='bbox 984 1622 1108 1698; x_wconf 87' lang='lat' dir='ltr'>quidem</span> 
     </span>
     <span class='ocr_line' id='line_1_15' title="bbox 211 1724 1248 1803; baseline 0.001 -21"><span class='ocrx_word' id='word_1_103' title='bbox 211 1725 322 1797; x_wconf 91' lang='lat' dir='ltr'>verbis,</span> <span class='ocrx_word' id='word_1_104' title='bbox 346 1745 426 1801; x_wconf 90' lang='lat' dir='ltr'>quae</span> <span class='ocrx_word' id='word_1_105' title='bbox 450 1734 479 1783; x_wconf 91' lang='lat' dir='ltr'>ei</span> <span class='ocrx_word' id='word_1_106' title='bbox 502 1734 614 1801; x_wconf 78' lang='lat' dir='ltr'>penem</span> <span class='ocrx_word' id='word_1_107' title='bbox 637 1726 798 1801; x_wconf 89' lang='lat' dir='ltr'>praeberet</span> <span class='ocrx_word' id='word_1_108' title='bbox 823 1725 876 1803; x_wconf 85' lang='lat' dir='ltr'>(ex</span> <span class='ocrx_word' id='word_1_109' title='bbox 899 1734 960 1801; x_wconf 76' lang='lat' dir='ltr'>que</span> <span class='ocrx_word' id='word_1_110' title='bbox 983 1724 1108 1802; x_wconf 82' lang='lat' dir='ltr'>regiene</span> <span class='ocrx_word' id='word_1_111' title='bbox 1247 1783 1248 1792; x_wconf 63' lang='grc'>,</span> 
     </span>
     <span class='ocr_line' id='line_1_16' title="bbox 212 1811 1248 1908; baseline -0.002 -22"><span class='ocrx_word' id='word_1_112' title='bbox 212 1835 429 1905; x_wconf 63' lang='lat' dir='ltr'>quinquagena</span> <span class='ocrx_word' id='word_1_113' title='bbox 451 1828 567 1888; x_wconf 86' lang='lat' dir='ltr'>talenta</span> <span class='ocrx_word' id='word_1_114' title='bbox 591 1836 758 1904; x_wconf 85' lang='lat' dir='ltr'>quotannis</span> <span class='ocrx_word' id='word_1_115' title='bbox 779 1828 946 1908; x_wconf 86' lang='lat' dir='ltr'>redibant),</span> <span class='ocrx_word' id='word_1_116' title='bbox 964 1830 1110 1906; x_wconf 89' lang='lat' dir='ltr'>Lampsa·</span> <span class='ocrx_word' id='word_1_117' title='bbox 1130 1849 1160 1901; x_wconf 85' lang='lat'>15</span> <span class='ocrx_word' id='word_1_118' title='bbox 1247 1811 1248 1840; x_wconf 71' lang='lat'><em>³</em></span> 
     </span>
     <span class='ocr_line' id='line_1_17' title="bbox 212 1933 1109 2010; baseline 0.001 -20"><span class='ocrx_word' id='word_1_119' title='bbox 212 1951 282 1990; x_wconf 93' lang='lat' dir='ltr'>cum</span> <span class='ocrx_word' id='word_1_120' title='bbox 304 1943 415 2005; x_wconf 89' lang='lat' dir='ltr'>autem,</span> <span class='ocrx_word' id='word_1_121' title='bbox 433 1933 515 1991; x_wconf 91' lang='lat' dir='ltr'>unde</span> <span class='ocrx_word' id='word_1_122' title='bbox 538 1941 643 1990; x_wconf 88' lang='lat' dir='ltr'>vinum</span> <span class='ocrx_word' id='word_1_123' title='bbox 666 1941 807 2005; x_wconf 76' lang='lat' dir='ltr'>sumeret,</span> <span class='ocrx_word' id='word_1_124' title='bbox 829 1934 967 2010; x_wconf 88' lang='lat' dir='ltr'>Myunta‚</span> <span class='ocrx_word' id='word_1_125' title='bbox 988 1952 1025 1991; x_wconf 90' lang='lat' dir='ltr'>ex</span> <span class='ocrx_word' id='word_1_126' title='bbox 1047 1941 1109 2009; x_wconf 78' lang='lat' dir='ltr'>que</span> 
     </span>
     <span class='ocr_line' id='line_1_18' title="bbox 213 2036 528 2095; baseline 0 -1"><span class='ocrx_word' id='word_1_127' title='bbox 213 2036 376 2095; x_wconf 83' lang='lat' dir='ltr'>obsenium</span> <span class='ocrx_word' id='word_1_128' title='bbox 392 2036 528 2094; x_wconf 88' lang='lat' dir='ltr'>haberet.</span> 
     </span>
    </p>

    <p class='ocr_par' dir='ltr' id='par_1_6' title="bbox 213 2138 1109 2319">
     <span class='ocr_line' id='line_1_19' title="bbox 256 2138 1109 2198; baseline 0 -2"><span class='ocrx_word' id='word_1_129' title='bbox 256 2139 358 2197; x_wconf 79' lang='lat' dir='ltr'>Heius</span> <span class='ocrx_word' id='word_1_130' title='bbox 381 2139 421 2198; x_wconf 93' lang='lat' dir='ltr'>ad</span> <span class='ocrx_word' id='word_1_131' title='bbox 443 2147 581 2198; x_wconf 91' lang='lat' dir='ltr'>nostram</span> <span class='ocrx_word' id='word_1_132' title='bbox 605 2138 782 2197; x_wconf 91' lang='lat' dir='ltr'>memoriam</span> <span class='ocrx_word' id='word_1_133' title='bbox 806 2147 1004 2197; x_wconf 89' lang='lat' dir='ltr'>monumenta</span> <span class='ocrx_word' id='word_1_134' title='bbox 1026 2148 1109 2198; x_wconf 80' lang='lat' dir='ltr'>man-</span> 
     </span>
     <span class='ocr_line' id='line_1_20' title="bbox 213 2242 1109 2319; baseline 0 -19"><span class='ocrx_word' id='word_1_135' title='bbox 213 2250 319 2301; x_wconf 90' lang='lat' dir='ltr'>serunt</span> <span class='ocrx_word' id='word_1_136' title='bbox 334 2244 414 2301; x_wconf 92' lang='lat' dir='ltr'>duo:</span> <span class='ocrx_word' id='word_1_137' title='bbox 438 2243 612 2319; x_wconf 91' lang='lat' dir='ltr'>sepulcrum</span> <span class='ocrx_word' id='word_1_138' title='bbox 635 2260 732 2318; x_wconf 90' lang='lat' dir='ltr'>prope</span> <span class='ocrx_word' id='word_1_139' title='bbox 755 2242 902 2317; x_wconf 92' lang='lat' dir='ltr'>oppidum</span> <span class='ocrx_word' id='word_1_140' title='bbox 928 2242 959 2299; x_wconf 90' lang='lat' dir='ltr'>in</span> <span class='ocrx_word' id='word_1_141' title='bbox 980 2250 1041 2318; x_wconf 81' lang='lat' dir='ltr'>quo</span> <span class='ocrx_word' id='word_1_142' title='bbox 1062 2253 1109 2300; x_wconf 90' lang='lat' dir='ltr'>est</span> 
     </span>
    </p>

    <p class='ocr_par' dir='ltr' id='par_1_7' title="bbox 178 2344 1161 2937">
     <span class='ocr_line' id='line_1_21' title="bbox 178 2344 1161 2421; baseline -0.006 -15"><span class='ocrx_word' id='word_1_143' title='bbox 178 2358 195 2406; x_wconf 87' lang='lat'>4</span> <span class='ocrx_word' id='word_1_144' title='bbox 212 2346 359 2421; x_wconf 81' lang='lat' dir='ltr'>sepultuS,</span> <span class='ocrx_word' id='word_1_145' title='bbox 374 2355 477 2404; x_wconf 90' lang='lat' dir='ltr'>statua</span> <span class='ocrx_word' id='word_1_146' title='bbox 493 2344 524 2402; x_wconf 88' lang='lat' dir='ltr'>in</span> <span class='ocrx_word' id='word_1_147' title='bbox 540 2345 607 2404; x_wconf 81' lang='lat' dir='ltr'>lore</span> <span class='ocrx_word' id='word_1_148' title='bbox 625 2344 815 2421; x_wconf 74' lang='lat' dir='ltr'>Magnesiae.</span> <span class='ocrx_word' id='word_1_149' title='bbox 848 2346 895 2403; x_wconf 89' lang='lat' dir='ltr'>De</span> <span class='ocrx_word' id='word_1_150' title='bbox 911 2344 996 2404; x_wconf 74' lang='lat' dir='ltr'>cuius</span> <span class='ocrx_word' id='word_1_151' title='bbox 1013 2355 1109 2404; x_wconf 90' lang='lat' dir='ltr'>morte</span> <span class='ocrx_word' id='word_1_152' title='bbox 1129 2366 1161 2400; x_wconf 91' lang='lat'>20</span> 
     </span>
     <span class='ocr_line' id='line_1_22' title="bbox 213 2449 1110 2524; baseline 0.002 -18"><span class='ocrx_word' id='word_1_153' title='bbox 213 2449 315 2507; x_wconf 90' lang='lat' dir='ltr'>multis</span> <span class='ocrx_word' id='word_1_154' title='bbox 338 2449 438 2507; x_wconf 89' lang='lat' dir='ltr'>modis</span> <span class='ocrx_word' id='word_1_155' title='bbox 460 2449 544 2524; x_wconf 90' lang='lat' dir='ltr'>apud</span> <span class='ocrx_word' id='word_1_156' title='bbox 565 2449 729 2524; x_wconf 83' lang='lat' dir='ltr'>pleresque</span> <span class='ocrx_word' id='word_1_157' title='bbox 745 2456 962 2523; x_wconf 91' lang='lat' dir='ltr'>scriptumest,</span> <span class='ocrx_word' id='word_1_158' title='bbox 980 2450 1037 2508; x_wconf 93' lang='lat' dir='ltr'>sed</span> <span class='ocrx_word' id='word_1_159' title='bbox 1052 2457 1110 2508; x_wconf 84' lang='lat' dir='ltr'>nos</span> 
     </span>
     <span class='ocr_line' id='line_1_23' title="bbox 212 2550 1110 2629; baseline 0.002 -19"><span class='ocrx_word' id='word_1_160' title='bbox 212 2553 345 2611; x_wconf 93' lang='lat' dir='ltr'>eundem</span> <span class='ocrx_word' id='word_1_161' title='bbox 366 2551 562 2627; x_wconf 87' lang='lat' dir='ltr'>potissimum</span> <span class='ocrx_word' id='word_1_162' title='bbox 584 2550 799 2629; x_wconf 87' lang='lat' dir='ltr'>Thucydidem</span> <span class='ocrx_word' id='word_1_163' title='bbox 824 2559 979 2610; x_wconf 82' lang='lat' dir='ltr'>auctorem</span> <span class='ocrx_word' id='word_1_164' title='bbox 1002 2553 1110 2628; x_wconf 82' lang='lat' dir='ltr'>probe-</span> 
     </span>
     <span class='ocr_line' id='line_1_24' title="bbox 212 2653 1110 2731; baseline 0.001 -19"><span class='ocrx_word' id='word_1_165' title='bbox 212 2675 288 2726; x_wconf 91' lang='lat' dir='ltr'>mus,</span> <span class='ocrx_word' id='word_1_166' title='bbox 301 2664 353 2731; x_wconf 90' lang='lat' dir='ltr'>qui</span> <span class='ocrx_word' id='word_1_167' title='bbox 369 2655 452 2713; x_wconf 92' lang='lat' dir='ltr'>illum</span> <span class='ocrx_word' id='word_1_168' title='bbox 466 2654 509 2713; x_wconf 89' lang='lat' dir='ltr'>ait</span> <span class='ocrx_word' id='word_1_169' title='bbox 523 2653 703 2730; x_wconf 76' lang='lat' dir='ltr'>Magnesiae</span> <span class='ocrx_word' id='word_1_170' title='bbox 720 2654 827 2713; x_wconf 82' lang='lat' dir='ltr'>morbe</span> <span class='ocrx_word' id='word_1_171' title='bbox 842 2663 994 2713; x_wconf 91' lang='lat' dir='ltr'>mortuum</span> <span class='ocrx_word' id='word_1_172' title='bbox 1009 2674 1110 2731; x_wconf 91' lang='lat' dir='ltr'>neque</span> 
     </span>
     <span class='ocr_line' id='line_1_25' title="bbox 212 2758 1108 2834; baseline 0.001 -19"><span class='ocrx_word' id='word_1_173' title='bbox 212 2768 305 2834; x_wconf 85' lang='lat' dir='ltr'>negat</span> <span class='ocrx_word' id='word_1_174' title='bbox 320 2758 416 2816; x_wconf 81' lang='lat' dir='ltr'>luisse</span> <span class='ocrx_word' id='word_1_175' title='bbox 432 2758 547 2816; x_wconf 79' lang='lat' dir='ltr'>lamam</span> <span class='ocrx_word' id='word_1_176' title='bbox 563 2763 715 2816; x_wconf 87' lang='lat' dir='ltr'>venenum</span> <span class='ocrx_word' id='word_1_177' title='bbox 731 2765 786 2814; x_wconf 77' lang='lat' dir='ltr'>sue</span> <span class='ocrx_word' id='word_1_178' title='bbox 802 2766 913 2832; x_wconf 91' lang='lat' dir='ltr'>sponte</span> <span class='ocrx_word' id='word_1_179' title='bbox 931 2758 1108 2833; x_wconf 83' lang='lat' dir='ltr'>sumpsisse,</span> 
     </span>
     <span class='ocr_line' id='line_1_26' title="bbox 212 2859 1160 2937; baseline -0.004 -19"><span class='ocrx_word' id='word_1_180' title='bbox 212 2880 281 2919; x_wconf 92' lang='lat' dir='ltr'>cum</span> <span class='ocrx_word' id='word_1_181' title='bbox 298 2868 339 2932; x_wconf 90' lang='lat' dir='ltr'>se,</span> <span class='ocrx_word' id='word_1_182' title='bbox 357 2880 435 2937; x_wconf 92' lang='lat' dir='ltr'>quae</span> <span class='ocrx_word' id='word_1_183' title='bbox 452 2868 516 2936; x_wconf 84' lang='lat' dir='ltr'>regi</span> <span class='ocrx_word' id='word_1_184' title='bbox 531 2861 569 2918; x_wconf 88' lang='lat' dir='ltr'>de</span> <span class='ocrx_word' id='word_1_185' title='bbox 585 2859 715 2918; x_wconf 81' lang='lat' dir='ltr'>Graecie</span> <span class='ocrx_word' id='word_1_186' title='bbox 730 2859 933 2935; x_wconf 77' lang='lat' dir='ltr'>opprimendai</span> <span class='ocrx_word' id='word_1_187' title='bbox 955 2861 1110 2936; x_wconf 88' lang='lat' dir='ltr'>pollicitus</span> <span class='ocrx_word' id='word_1_188' title='bbox 1130 2881 1160 2931; x_wconf 80' lang='lat'>25</span> 
     </span>
    </p>

    <p class='ocr_par' dir='ltr' id='par_1_8' title="bbox 179 2957 1110 3041">
     <span class='ocr_line' id='line_1_27' title="bbox 179 2957 1110 3041; baseline 0.002 -21"><span class='ocrx_word' id='word_1_189' title='bbox 179 2972 195 3020; x_wconf 90' lang='lat'><strong>5</strong></span> <span class='ocrx_word' id='word_1_190' title='bbox 213 2975 304 3036; x_wconf 89' lang='lat' dir='ltr'>esset,</span> <span class='ocrx_word' id='word_1_191' title='bbox 322 2973 479 3041; x_wconf 79' lang='lat' dir='ltr'>praestare</span> <span class='ocrx_word' id='word_1_192' title='bbox 498 2981 590 3040; x_wconf 89' lang='lat' dir='ltr'>posse</span> <span class='ocrx_word' id='word_1_193' title='bbox 610 2963 795 3039; x_wconf 81' lang='lat' dir='ltr'>despereret.</span> <span class='ocrx_word' id='word_1_194' title='bbox 842 2957 929 3021; x_wconf 79' lang='lat' dir='ltr'>Idem</span> <span class='ocrx_word' id='word_1_195' title='bbox 951 2982 1022 3022; x_wconf 92' lang='lat' dir='ltr'>ossa</span> <span class='ocrx_word' id='word_1_196' title='bbox 1044 2964 1110 3022; x_wconf 89' lang='lat' dir='ltr'>eius</span> 
     </span>
    </p>
   </div>
   <div class='ocr_carea' id='block_1_3' title="bbox 213 3112 1112 3349">
    <p class='ocr_par' dir='ltr' id='par_1_9' title="bbox 213 3112 1112 3349">
     <span class='ocr_line' id='line_1_28' title="bbox 256 3112 1112 3183; baseline -0.006 -15"><span class='ocrx_word' id='word_1_197' title='bbox 256 3132 269 3183; x_wconf 86' lang='lat'><strong>5</strong></span> <span class='ocrx_word' id='word_1_198' title='bbox 286 3118 412 3183; x_wconf 75' lang='lat' dir='ltr'>sermeni,</span> <span class='ocrx_word' id='word_1_199' title='bbox 432 3119 543 3180; x_wconf 74' lang='lat' dir='ltr'>linguae.</span> <span class='ocrx_word' id='word_1_200' title='bbox 553 3129 609 3176; x_wconf 89' lang='lat'>-7</span> <span class='ocrx_word' id='word_1_201' title='bbox 627 3118 710 3165; x_wconf 82' lang='lat' dir='ltr'>verba</span> <span class='ocrx_word' id='word_1_202' title='bbox 728 3112 837 3180; x_wconf 76' lang='lat' dir='ltr'>fecisse,</span> <span class='ocrx_word' id='word_1_203' title='bbox 854 3117 964 3163; x_wconf 69' lang='lat' dir='ltr'>loretum</span> <span class='ocrx_word' id='word_1_204' title='bbox 983 3132 1039 3164; x_wconf 84' lang='lat' dir='ltr'>esse.</span> <span class='ocrx_word' id='word_1_205' title='bbox 1050 3131 1112 3180; x_wconf 92' lang='lat'>—9</span> 
     </span>
     <span class='ocr_line' id='line_1_29' title="bbox 213 3198 1110 3265; baseline -0.008 -12"><span class='ocrx_word' id='word_1_206' title='bbox 213 3202 411 3265; x_wconf 63' lang='lat' dir='ltr'>gratissimum,</span> <span class='ocrx_word' id='word_1_207' title='bbox 434 3201 657 3248; x_wconf 69' lang='lat' dir='ltr'>iticundrssimum.</span> <span class='ocrx_word' id='word_1_208' title='bbox 668 3226 701 3233; x_wconf 96' lang='lat'><em>—</em></span> <span class='ocrx_word' id='word_1_209' title='bbox 713 3212 738 3244; x_wconf 91' lang='lat'>11</span> <span class='ocrx_word' id='word_1_210' title='bbox 760 3198 927 3262; x_wconf 60' lang='lat' dir='ltr'>muneribus,</span> <span class='ocrx_word' id='word_1_211' title='bbox 947 3199 1026 3246; x_wconf 67' lang='lat' dir='ltr'>denes.</span> <span class='ocrx_word' id='word_1_212' title='bbox 1036 3227 1069 3235; x_wconf 94' lang='lat'><strong>—</strong></span> <span class='ocrx_word' id='word_1_213' title='bbox 1081 3213 1110 3264; x_wconf 84' lang='lat'>¹3</span> 
     </span>
     <span class='ocr_line' id='line_1_30' title="bbox 213 3282 808 3349; baseline -0.012 -14"><span class='ocrx_word' id='word_1_214' title='bbox 213 3286 335 3349; x_wconf 57' lang='lat' dir='ltr'>denerat,</span> <span class='ocrx_word' id='word_1_215' title='bbox 350 3287 458 3333; x_wconf 82' lang='lat' dir='ltr'>dederat.</span> <span class='ocrx_word' id='word_1_216' title='bbox 469 3313 502 3321; x_wconf 94' lang='lat'><em>-</em></span> <span class='ocrx_word' id='word_1_217' title='bbox 512 3282 544 3332; x_wconf 84' lang='lat'>26</span> <span class='ocrx_word' id='word_1_218' title='bbox 556 3284 706 3348; x_wconf 72' lang='lat' dir='ltr'>praestire‚</span> <span class='ocrx_word' id='word_1_219' title='bbox 713 3282 808 3346; x_wconf 79' lang='lat' dir='ltr'>facere.</span> 
     </span>
    </p>
   </div>
   <div class='ocr_carea' id='block_1_4' title="bbox 0 0 1287 3725">
    <p class='ocr_par' dir='ltr' id='par_1_10' title="bbox 0 0 1287 3725">
     <span class='ocr_line' id='line_1_31' title="bbox 0 0 1287 3725; baseline 0 0"><span class='ocrx_word' id='word_1_220' title='bbox 0 0 1287 3725; x_wconf 95' lang='lat' dir='ltr'> </span> 
     </span>
    </p>
   </div>
  </div>
 </body>
</html>
