2509 3725
425 220 720 300 EPAMINONDAS.
744 234 766 277 2,
780 235 803 285 3.
1027 220 1060 271 43

165 387 261 465 nysir'),
279 396 331 464 qui
352 395 413 447 nim
433 386 550 446 minere
572 386 631 445 fuit
654 386 685 444 in
707 386 831 445 musicis
851 386 948 463 gioria
968 406 1059 464 quam

165 493 287 550 Damen
310 500 362 550 aut
385 493 544 567 Lamprus,
562 498 691 566 querum
714 491 893 567 pervolgata
915 500 986 550 sunt
1008 498 1060 549 ne

163 594 255 667 mina,
272 603 397 653 cantare
418 593 501 652 tibiis
524 594 563 651 ab
584 593 814 672 Olympiodere,
831 594 943 652 saltare
957 602 976 652 a
992 594 1060 653 Cal-

129 697 311 774 2liphrone.
371 700 413 756 At
445 696 659 773 philosophiae
693 704 922 773 praeceptorem
952 697 1060 756 habuit

165 800 268 879 Lysim
291 802 500 872 Tarentinum,
526 802 772 879 Pythagoreum:
796 800 845 858 cui
868 799 992 875 quidem
1014 809 1059 859 sic
1096 817 1109 869 5

163 904 221 963 fuit
233 903 355 963 deditus
368 913 401 962 ut
416 902 597 962 adulescens
612 912 730 962 tristem
747 912 783 961 ac
798 909 938 961 severum
953 922 1058 962 senem

163 1007 306 1066 omnibus
322 1006 503 1082 aequalibus
522 1015 585 1064 suis
602 1005 634 1063 in
652 1005 861 1065 familiaritate
879 1016 1059 1082 anteposue-

163 1111 214 1183 rit3
235 1129 335 1186 neque
350 1109 435 1186 prius
450 1128 520 1167 eum
535 1118 554 1168 a
571 1116 603 1167 se
619 1109 736 1168 dimisit
751 1128 842 1186 quarn
858 1109 890 1166 in
912 1109 1060 1167 doctrinis

163 1221 250 1273 tante
279 1212 447 1271 antecessit
476 1212 707 1288 condiscipulas
737 1223 770 1271 ut
802 1211 893 1270 facile
924 1212 1059 1289 intellegi

163 1326 269 1395 posset
298 1326 363 1392 pari
392 1316 484 1375 mode
515 1324 726 1392 superaturum
752 1322 860 1374 omnes
889 1315 920 1372 in
950 1322 1059 1374 ceteris
1080 1341 1109 1375 10

130 1421 289 1483 3artibus
343 1422 445 1495 Atque
471 1420 549 1477 haec
575 1420 615 1477 ad
641 1428 778 1477 nostram
804 1418 1059 1478 censuetudinem

164 1534 235 1583 sunt
256 1522 336 1582 levia
358 1532 389 1581 et
410 1522 513 1600 potius
535 1523 782 1594 contemnenda3
810 1532 841 1581 at
864 1522 895 1580 in
918 1521 1057 1595 Graecia,

130 1627 269 1704 4utique
291 1626 372 1698 elim,
390 1634 519 1702 magnae
540 1626 623 1684 laudi
644 1607 740 1685 erant.
786 1628 954 1702 Postquam
970 1626 1060 1702 ephe-

163 1732 221 1807 bus
234 1741 280 1790 est
292 1731 393 1789 factus
409 1739 440 1788 et
455 1730 627 1807 palaestrae
643 1731 716 1788 dare
730 1748 856 1807 operam
872 1728 982 1805 coepit,
996 1736 1058 1788 nen

164 1844 226 1894 tam
251 1834 454 1913 magnitudini
478 1834 586 1894 virium
614 1833 738 1894 servivit
764 1852 857 1911 quam
882 1832 1059 1893 velecitati:
1080 1855 1109 1908 ¹5

79 2011 82 2016 Ι
163 1938 245 1996 illam
269 1938 350 1997 enim
372 1939 412 1996 ad
433 1939 617 1997 athletarum
640 1947 737 2011 risum,
754 1938 835 1996 hanc
857 1938 896 1995 ad
918 1937 990 1995 belli
1013 1956 1060 1995 ex·

164 2041 320 2101 istimabat
341 2041 502 2101 utilitatem
523 2041 686 2118 pertinere.
731 2044 841 2117 ltaque
861 2041 1060 2099 exercebatur

163 2145 325 2221 plurimum
340 2145 491 2204 currenda
503 2155 533 2203 et
545 2144 693 2203 lactanda
705 2144 745 2202 ad
757 2163 825 2203 eum
837 2144 942 2215 finem,
957 2143 1060 2219 quoad

130 2263 146 2311 5
164 2257 249 2307 stans
264 2249 427 2324 complecti
443 2257 549 2324 posset
565 2259 657 2324 atque
672 2248 868 2307 contendere.
914 2249 952 2304 In
968 2255 1059 2304 armis

163 2359 235 2410 vere
250 2351 411 2428 plirrimum
428 2352 509 2410 studi
525 2352 735 2410 consumebat.
1078 2373 1109 2408 20

124 2465 147 2525 3
205 2455 255 2513 Ad
278 2455 358 2512 hanc
381 2454 517 2530 corporis
539 2454 717 2512 firmitatem
739 2455 826 2530 plirra
849 2454 941 2512 etiam
965 2453 1059 2511 animi

163 2559 246 2616 bona
272 2567 474 2616 accesserant.
521 2559 593 2616 Erat
617 2557 699 2616 enim
723 2558 890 2629 modestus,
914 2558 1057 2633 prudens,

161 2660 273 2738 gravis,
301 2660 491 2737 temporibus
521 2660 676 2736 sapienter
706 2667 802 2731 inens,
832 2643 948 2736 peritus
976 2659 1057 2730 belli,

163 2764 252 2823 fortis
273 2772 373 2836 mana,
391 2763 494 2821 anime
514 2763 654 2834 maxime,
672 2763 750 2822 adea
770 2762 908 2821 veritatis
929 2762 1059 2839 diligens

127 2878 196 2932 aut
222 2875 261 2926 ne
287 2867 355 2926 ioca
382 2866 505 2942 quidem
532 2875 719 2926 mentiretur.
772 2854 860 2925 ldem
886 2867 1057 2937 continens,
1079 2888 1108 2940 25

163 2972 299 3029 clemens
325 2970 508 3046 patiensque
538 2971 751 3028 admirandum
777 2969 808 3027 in
835 2971 968 3042 modum,
996 2976 1057 3027 nen

163 3074 262 3134 selum
282 3074 396 3150 populi,
415 3074 469 3131 sed
493 3073 585 3131 etiam
608 3081 774 3133 amicerum
798 3073 900 3131 ferens
923 3071 1057 3145 iniiiriaS‚

208 3231 217 3265 1
239 3217 332 3281 glaria,
345 3218 466 3264 lauda—
477 3230 502 3264 11
524 3216 754 3280 censuetirdinem‚
768 3221 898 3264 neeric-
908 3231 936 3280 ¹3
954 3215 1059 3284 utique,

162 3301 258 3353 saltem.
267 3314 339 3364 -24
355 3299 458 3366 animi),
471 3302 565 3348 virtrite
572 3315 584 3361 ,¹
609 3299 736 3370 dssigens,
749 3305 849 3352 amans.
