2509 3725
201 202 233 255 58
492 206 710 257 AGESILAUS.
749 220 769 265 r,
783 220 805 255 2.

202 374 362 448 LJsandro
378 375 575 452 suffragante,
589 375 724 446 homine,
739 385 772 434 ut
787 373 980 435 ostendimus
995 382 1099 452 supre‚

200 478 334 537 factioso
356 488 387 537 et
409 478 446 536 iis
468 478 658 554 temporibus
680 488 816 555 potente,
833 478 996 555 Agesilaus
1017 488 1101 537 ante·

201 581 281 639 letus
297 590 352 640 est.

164 692 188 750 2
244 686 305 743 Hic
315 684 405 743 simul
416 694 508 761 atque
521 685 628 761 imperi
641 694 756 761 potitus
769 694 825 758 est,
839 685 993 762 persuesit
1006 687 1101 744 Lace

201 788 372 847 daemoniis
391 799 424 847 ut
442 789 593 848 exercitiis
613 789 787 847 emitterent
803 788 834 846 in
851 788 958 847 Asiam
974 789 1101 847 bellum·
1123 805 1137 857 5

200 910 259 966 que
272 899 335 968 regi
346 893 492 965 lacerent,
506 893 622 951 docens
635 893 732 951 satius
744 911 813 951 esse
826 892 857 948 in
870 891 946 950 Asiai
959 910 1051 967 quarn
1067 891 1101 949 in

202 996 324 1071 Eurepe
336 996 483 1054 dimicari.
526 999 668 1071 Namque
683 997 766 1053 lema
782 995 897 1054 exierat
909 998 1101 1053 Artaxerxen

201 1107 378 1174 comparere
400 1100 515 1158 classes
538 1099 759 1175 pedestresque
782 1098 942 1169 exercitiis,
966 1106 1044 1174 quos
1068 1098 1101 1155 in

166 1211 184 1262 2
201 1201 362 1259 Graeciam
381 1202 523 1260 mitteret.
570 1204 652 1260 Date
668 1210 823 1277 potestate
839 1210 926 1260 tante
942 1201 1101 1261 celeritete

202 1314 274 1363 irsus
294 1315 342 1364 est
365 1314 397 1363 ut
423 1305 507 1381 prius
533 1304 564 1362 in
582 1304 689 1363 Asiam
712 1324 781 1363 cum
804 1304 903 1380 copiis
925 1304 1102 1380 pervenerit
1123 1336 1155 1369 10

201 1427 293 1483 quam
315 1408 390 1485 regii
412 1417 554 1484 satrapae
575 1427 645 1466 eum
666 1417 781 1466 scirent
800 1408 981 1484 profectum.
1027 1408 1101 1480 Quo

200 1511 316 1569 factum
346 1521 394 1569 est
424 1521 456 1569 ut
486 1518 594 1569 omnes
628 1510 795 1586 imparetos
829 1511 1101 1587 imprirdentesque

167 1622 184 1671 3
201 1615 381 1673 offenderet.
428 1615 465 1673 ld
486 1624 518 1673 ut
538 1614 684 1691 cognovit
699 1614 935 1689 Tissaphernes,
953 1622 1005 1689 qui
1021 1632 1101 1671 sum-

202 1736 282 1775 murn
299 1717 459 1794 imperium
476 1728 539 1775 tum
556 1718 635 1775 inter
647 1718 822 1793 praefectos
837 1716 972 1775 habebat
988 1715 1099 1793 regios,

201 1820 336 1880 indirties
352 1830 370 1880 e
387 1822 511 1880 Lacone
527 1820 644 1898 petivit,
661 1820 810 1879 simulans
826 1827 859 1878 se
875 1820 948 1878 dare
963 1837 1099 1896 operam,
1123 1850 1153 1902 ¹5

202 1934 234 1983 ut
259 1925 514 1984 Lacedaemoniis
538 1944 606 1983 cum
631 1932 702 2001 rege
726 1932 914 1994 conveniret,
937 1931 970 1982 re
996 1933 1100 1982 autem

201 2036 272 2086 vere
302 2029 341 2086 ad
372 2029 478 2105 copies
508 2029 743 2103 comparandam,
775 2036 891 2102 erisque
924 2026 1100 2102 impetrevit

167 2132 377 2190 4trimestres.
432 2131 547 2190 lirrevit
576 2141 679 2188 autem
709 2140 837 2206 uterque
867 2137 900 2188 se
930 2129 996 2188 sine
1026 2130 1100 2188 dolo

201 2235 336 2294 indirties
359 2243 617 2294 conservetirrum.
669 2236 706 2291 ln
729 2242 790 2308 que
813 2232 957 2309 pactione
980 2241 1100 2291 summai

200 2339 261 2396 fide
276 2338 390 2397 mansit
400 2337 580 2415 Agesilaus;
605 2345 713 2395 contre
728 2356 765 2394 ea
780 2336 1007 2412 Tissaphernes
1023 2335 1099 2392 nihil
1120 2368 1152 2402 20

167 2442 283 2500 5alind
307 2461 398 2517 quam
420 2441 534 2500 bellum
557 2439 754 2515 comparavit.
804 2439 841 2497 Id
864 2448 923 2498 etsi
945 2439 1099 2498 sentiebat

202 2546 294 2618 Laco,
318 2555 421 2604 tamen
449 2544 658 2603 iirsiirrandum
685 2543 829 2602 servebat
852 2543 1044 2618 multumque
1068 2542 1099 2600 in

202 2655 238 2707 eo
254 2656 287 2706 se
303 2656 452 2724 consequi
471 2647 604 2719 dicebat,
622 2648 706 2721 quod
721 2647 947 2722 Tissaphernes
967 2645 1100 2723 perieris>

202 2759 258 2810 suo
274 2762 304 2811 et
320 2752 460 2811 homines
483 2761 546 2809 suis
569 2751 661 2808 rebus
684 2750 874 2809 abalienaret
894 2759 925 2808 et
945 2749 1022 2808 deos
1040 2749 1100 2807 sibi

202 2863 296 2914 iretos
312 2855 461 2922 redderet,
479 2861 512 2912 se
534 2863 636 2912 autem
659 2860 841 2912 conservate
862 2853 1009 2930 religione
1030 2860 1101 2912 con·
1120 2882 1151 2934 25

201 2959 324 3018 firmere
337 2958 512 3029 exercitum,
526 2977 596 3016 curn
612 2956 870 3015 animadverteret
882 2958 973 3015 deum
986 2966 1100 3014 nrimen

201 3064 303 3121 lacere
320 3069 432 3134 secum,
450 3060 654 3135 hominesque
674 3059 733 3118 sibi
753 3059 911 3118 concilieri
929 3058 1098 3133 amiciores

244 3194 260 3242 6
286 3192 415 3258 tacerent,
441 3194 655 3256 {referrent—13
683 3191 838 3257 offenderet,
859 3192 1103 3254 deprehenderet.—

203 3291 235 3340 24
252 3277 431 3342 abalieniret,
444 3277 633 3323 inimicissimos
645 3276 764 3323 redderet.
