2509 3725
220 220 251 269 16
491 220 787 268 THEMISTOCLES.
822 218 845 268 8.

184 398 201 446 2
219 391 320 465 Argos
335 388 507 447 habitatum
522 388 686 447 concessit.
711 389 773 446 Hic
786 405 855 445 curn
867 395 992 463 propter
1004 385 1115 443 multas

219 491 346 549 virtutes
362 500 474 568 magna
490 511 559 549 cum
576 491 726 567 dignitate
741 499 865 562 viveret,
878 472 1118 548 Lacedaemonii·

219 594 338 670 legatos
354 595 495 653 Athenas
511 602 668 665 miserunt,
686 602 737 668 qui
760 612 830 651 eum
852 593 1012 650 absentem
1030 601 1117 649 accir-¹

220 706 332 769 serent,
350 697 434 772 quod
456 696 637 756 societatem
660 716 729 754 cum
752 704 822 772 rege
846 697 937 753 Perse
961 694 1001 752 ad
1023 696 1123 753 Grae.

220 799 299 857 ciam
323 799 556 876 opprimendam
579 800 713 857 fecisset.
760 801 831 857 Hoc
853 797 979 856 crimine
1002 798 1116 856 absens
1154 809 1167 862 5

186 910 203 959 3
220 902 403 978 proditionis
419 903 585 961 damnatus
601 912 657 961 est.
704 902 742 960 Id
757 911 790 960 ut
806 901 931 973 audivit,
949 901 1032 977 quod
1053 908 1115 959 non

221 1005 297 1063 satis
313 1015 411 1063 tutum
426 1012 459 1063 se
476 1008 566 1082 Argis
587 1006 721 1077 uidebat,
739 1007 904 1083 Corcyram
925 1003 1114 1080 demigravit.

222 1107 270 1166 Ibi
293 1127 362 1165 curn
385 1108 452 1167 eius
473 1108 628 1185 principes
652 1107 919 1167 animadvertisset
945 1106 1050 1165 timere
1077 1114 1116 1165 ne

220 1221 345 1288 propter
365 1218 398 1269 se
417 1211 532 1270 bellum
553 1210 590 1269 iis
610 1211 848 1269 Lacedaemonii
863 1221 894 1269 et
910 1210 1116 1268 Athenienses

221 1313 399 1386 indicerent,
414 1314 453 1372 ad
468 1315 644 1386 Admetum,
659 1315 829 1373 Molossum
845 1321 956 1391 regem,
970 1300 1116 1390 cum'quo
1138 1334 1168 1371 ιο

187 1426 204 1475 4
221 1426 249 1475 ei
264 1417 431 1494 hospitium
446 1427 520 1490 erat,
537 1417 684 1494 confugit.
717 1419 789 1476 Huc
804 1436 873 1476 cum
888 1416 1024 1476 venisset
1039 1416 1117 1475 etin

220 1519 395 1596 praesentia
424 1527 477 1578 rex
509 1521 642 1593 abesset,
667 1528 728 1597 quo
761 1519 875 1580 maiore
907 1519 1054 1596 religione
1083 1527 1117 1579 se

220 1633 377 1699 receptum
399 1631 535 1683 tueretur
556 1624 654 1681 liliam
675 1624 740 1683 eius
762 1624 921 1700 parvulam
933 1623 1067 1700 adripuit
1086 1633 1118 1682 et

221 1745 291 1784 curn
317 1735 353 1785 ea
380 1734 413 1786 se
440 1727 470 1784 in
498 1727 672 1800 sacrarium,
698 1728 782 1803 quod
811 1736 930 1786 summa
959 1728 1119 1786 colebatur

222 1829 416 1903 caerimonia,
434 1830 575 1890 coniecit.
621 1832 699 1890 Inde
720 1838 780 1890 non
802 1830 886 1908 prius
907 1838 1047 1908 egressus
1070 1840 1118 1891 est
1139 1850 1168 1904 15

223 1953 314 2009 quam
330 1941 383 1993 rex
398 1953 467 1993 eum
483 1935 556 1994 data
572 1934 680 1993 dextra
696 1934 727 1991 in
743 1935 835 1992 fidem
850 1935 1008 2011 reciperet,
1025 1952 1126 2011 quam

189 2041 204 2089 5
222 2037 382 2112 praestitit.
421 2039 502 2094 Nam
518 2057 586 2095 curn
603 2038 643 2096 ab
659 2037 902 2096 Atheniensibus
918 2047 949 2096 et
964 2038 1117 2096 Lacedae-

222 2139 334 2198 moniis
350 2148 566 2215 exposceretur
582 2140 714 2217 publice,
726 2140 896 2217 supplicem
909 2148 970 2199 non
982 2140 1118 2218 prodidit

223 2243 402 2319 monuitque
418 2253 451 2302 ut
466 2243 642 2302 consuleret
657 2243 734 2301 sibi:
757 2244 880 2303 difficile
900 2243 982 2302 enim
1000 2263 1070 2302 esse
1086 2244 1116 2301 in

223 2356 285 2404 tam
300 2354 474 2422 propinquo
490 2346 559 2404 loco
575 2354 641 2404 tuto
656 2365 725 2404 eum
741 2355 864 2406 versari.
910 2351 1019 2424 Itaque
1041 2349 1118 2426 Pyd·
1137 2365 1170 2401 20

223 2470 295 2508 nam
311 2470 380 2508 eum
396 2450 507 2508 deduci
525 2449 614 2508 iussit
630 2459 661 2509 et
676 2451 760 2525 quod
783 2451 859 2510 satis
881 2461 963 2510 esset
984 2451 1118 2528 praesidi

189 2554 205 2601 6
224 2554 317 2613 dedit.
350 2553 458 2612 Hicin
475 2561 585 2626 navem
601 2552 744 2611 omnibus
760 2561 882 2629 ignotus
899 2563 999 2612 nautis
1016 2562 1118 2613 escen-

224 2658 276 2716 dit.
306 2656 394 2730 Quae
411 2675 480 2714 cum
496 2665 680 2732 tempestate
696 2656 827 2714 maxima
844 2659 965 2714 Naxum
981 2658 1117 2728 ferretur,

224 2760 276 2818 ubi
291 2771 356 2818 tum
369 2759 605 2818 Atheniensium
621 2769 686 2817 erat
701 2759 862 2832 exercitus
874 2760 970 2819 sensit
981 2761 1120 2820 Themis-

224 2863 329 2934 tocles,
347 2872 373 2921 si
389 2869 426 2922 eo
443 2862 643 2938 pervenisset,
661 2861 719 2920 sibi
735 2881 804 2920 esse
820 2865 1019 2938 pereundum.
1049 2865 1120 2923 Hac
1140 2880 1170 2929 25

224 2965 410 3024 necessitate
434 2973 561 3023 coactus
583 2965 710 3024 domino
732 2965 829 3037 navis,
851 2966 921 3041 quis
943 2967 991 3039 sit,
1012 2969 1119 3044 aperit,

189 3069 205 3118 7
223 3068 319 3127 multa
341 3068 492 3145 pollicens
515 3076 540 3124 si
564 3075 597 3125 se
615 3075 838 3127 conservasset.
884 3071 926 3126 At
947 3069 998 3128 ille
1020 3070 1122 3129 claris-

267 3216 280 3249 2
297 3202 442 3266 dimitite,
456 3202 556 3248 honore.
566 3214 624 3260 -4
642 3200 810 3263 societitem,
816 3201 915 3264 foedus.
925 3202 982 3251 —8
1000 3203 1123 3254 animad-

223 3286 361 3352 vertisset,
375 3285 566 3350 cdgno'visset.-
581 3297 609 3349 13
622 3284 751 3347 tueretur,
765 3284 913 3348 difertderet.
