2509 3725
448 207 668 258 Aonsrnnus.
703 221 726 268 4,
741 219 762 272 ς.
1020 205 1051 256 61

119 374 238 436 4bello
260 385 437 452 superasset
453 375 569 435 Asiam.
616 377 688 433 Hac
710 374 802 451 igitur
823 383 925 433 mente
950 374 1052 432 Helle-

86 526 87 529 *
156 488 300 555 spontum
315 478 421 555 copias
437 478 556 537 traiecit
571 487 718 554 tantaque
735 488 808 537 usus
829 487 876 536 est
896 476 1052 536 celeritate

156 591 197 653 ut,
212 581 295 657 quod
318 581 376 640 iter
393 584 511 639 Xerxes
534 589 617 639 anno
633 590 772 639 vertente
795 582 979 653 confecerat,
1002 580 1053 638 hic

122 690 138 738 5
155 684 310 743 transierit
327 684 451 761 triginta
467 684 585 743 diebus.
632 687 710 744 Cum
727 684 787 741 iam
805 684 888 743 haud
904 683 947 742 ita
961 684 1053 760 longe

156 788 280 846 abesset
309 797 327 846 a
354 787 579 864 Peloponneso,
610 788 762 846 obsistere
792 797 820 845 ei
850 794 954 846 conati
982 797 1054 846 sunt
1090 801 1103 853 5

157 891 364 949 Athenienses
385 899 416 949 et
433 890 552 949 Boeotii
573 898 729 967 ceterique
750 897 854 949 eorum
876 890 953 949 socii
971 891 1054 966 apud

122 1004 139 1053 6
158 995 346 1052 Coroneam:
370 1000 449 1069 quos
464 1001 572 1052 omnes
587 1003 673 1070 gravi
690 992 808 1069 proelio
823 992 904 1052 vicit.
950 993 1054 1051 Huius

156 1096 302 1155 victoriae
317 1096 365 1155 vel
387 1096 520 1154 maxima
541 1096 599 1154 fuit
621 1097 689 1155 laus
715 1097 807 1172 quod,
825 1115 894 1154 cum
916 1097 1054 1173 plerique

157 1217 195 1257 ex
209 1199 282 1275 fuga
303 1206 335 1257 se
354 1200 384 1257 in
401 1200 547 1275 templum
566 1199 726 1258 Minervae
742 1199 949 1258 coniecissent
964 1218 1055 1275 quae-

157 1310 334 1379 rereturque
361 1304 400 1361 ab
428 1310 465 1361 eo
488 1303 562 1378 quid
585 1303 622 1361 iis
644 1303 738 1361 vellet
759 1303 833 1374 fieri,
857 1311 916 1361 etsi
938 1303 1054 1378 aliquot
1075 1326 1105 1359 10

157 1406 283 1465 volnera
309 1413 473 1482 acceperat
502 1414 539 1465 eo
569 1407 687 1483 proelio
713 1416 744 1465 et
774 1414 868 1464 iratus
894 1405 1055 1465 videbatur

158 1508 301 1568 omnibus
328 1518 381 1586 qui
403 1510 551 1567 adversus
574 1528 659 1566 arma
681 1509 821 1580 tulerant,
846 1518 950 1567 tamen
973 1518 1055 1567 ante·

123 1612 228 1671 'ltulit
250 1622 311 1670 irae
334 1612 513 1689 religionem
536 1622 567 1670 et
589 1620 643 1671 eos
666 1612 763 1670 vetuit
784 1612 899 1671 violari.
945 1614 1055 1689 Neque

158 1722 230 1799 vero
251 1716 311 1775 hoc
334 1716 432 1774 solum
452 1715 483 1772 in
500 1715 630 1774 Graecia
649 1716 732 1787 fecit,
750 1724 783 1774 ut
798 1715 913 1792 templa
928 1716 1055 1775 deorum

158 1828 266 1879 sancta
291 1819 427 1892 haberet,
452 1818 508 1878 sed
535 1819 627 1878 etiam
654 1819 736 1896 apud
762 1819 911 1879 barbaros
937 1827 1056 1878 summa
1076 1839 1105 1891 15

158 1923 305 2000 religione
341 1923 446 1981 omnia
481 1923 644 1981 simulacra
684 1932 813 2000 arasque
851 1923 1053 1983 conservavit.

123 2030 268 2102 sltaque
302 2026 500 2102 praedicabat
532 2034 634 2084 mirari
670 2033 703 2084 se
741 2034 803 2086 non
838 2026 1056 2102 sacrilegorum

158 2137 287 2189 numero
309 2131 415 2188 haberi
432 2139 483 2204 qui
499 2129 691 2205 supplicibus
717 2131 843 2190 deorum
866 2129 1054 2201 nocuissent,

158 2243 212 2291 aut
235 2240 297 2292 non
323 2233 515 2308 gravioribus
541 2241 650 2309 poenis
677 2233 768 2291 adfici
794 2241 847 2308 qul
876 2232 1055 2308 religionem

158 2337 330 2394 minuerent
347 2353 439 2411 quam
456 2345 507 2411 qui
522 2337 597 2394 lana
613 2336 789 2412 spoliarent.
1073 2357 1105 2392 20

120 2442 145 2501 5
200 2441 276 2498 Post
302 2439 360 2498 hoc
386 2439 537 2514 proelium
559 2440 716 2497 conlatum
745 2458 836 2497 omne
865 2440 980 2497 bellum
1009 2449 1057 2498 est

158 2541 241 2601 circa
254 2542 436 2601 Corinthum
446 2542 578 2618 ideoque
593 2542 787 2601 Corinthium
800 2552 848 2600 est
858 2543 1055 2618 appellatum.

122 2655 140 2706 2
160 2647 223 2702 Hic
239 2663 308 2703 cum
324 2654 384 2703 una
404 2654 507 2720 pugna
523 2646 631 2703 decem
654 2645 737 2703 milia
759 2646 894 2704 hostiurn
910 2646 1057 2722 Agesilao

158 2749 238 2806 duce
264 2748 450 2806 cecidissent
477 2755 575 2824 eeque
601 2749 685 2806 facto
711 2756 787 2824 opes
813 2749 1056 2808 adversariorum

158 2851 338 2910 debilitatae
367 2851 550 2923 viderentur,
582 2861 701 2909 tantum
727 2852 806 2910 aluit
831 2852 870 2909 ab
893 2853 1057 2911 insolentia
1076 2871 1107 2922 25

158 2955 273 3032 gloriae
307 2965 340 3012 ut
373 2954 605 3013 commiseratus
645 2955 684 3013 sit
713 2956 868 3014 fortunam
897 2955 1054 3028 Graeciae,

203 3190 231 3238 18
262 3191 426 3254 nocuissent,
456 3193 508 3238 vim
534 3193 773 3238 attulissent.—22
803 3191 881 3255 circi,
908 3194 1011 3239 circum.
1024 3220 1058 3228 -

159 3287 189 3335 27
209 3274 287 3338 vitio,
300 3276 383 3336 culpa.
