2509 3725
187 248 205 298 6
482 249 697 298 MILTIADES.
734 262 756 315 5,
768 248 792 299 6.
894 207 896 215 '

187 416 291 476 multis
307 417 383 475 locis
398 427 487 475 erant
501 418 602 497 rarae)
619 417 679 476 hirc
694 416 833 489 cimilia,
846 426 879 476 ut
891 427 922 476 et
934 417 1085 477 mintium

187 519 349 578 altitudine
375 528 551 597 tegerentur
576 529 606 579 et
632 520 774 578 arborum
799 528 898 580 tractu
927 494 1084 597 equitatus

186 622 322 682 hostium
345 622 552 698 impediretur,
577 630 615 681 ne
640 622 834 682 multitudine
858 623 1081 689 clauderentur,

151 737 170 786 4
188 725 288 798 Datis,
305 733 364 785 etsi
386 733 449 785 min
472 744 604 801 aequum
623 727 725 784 locum
744 726 870 785 videbat
889 735 961 799 suis,
978 736 1083 786 tamen

186 830 283 888 fretus
299 836 427 888 numeri)
442 829 597 905 cdpiarum
614 838 738 888 suirum
750 830 915 906 cunfligere
928 830 1081 907 cupiebat,
1119 844 1133 897 5

187 939 287 1007 edque
310 931 416 1009 magis,
439 932 530 1007 quod,
552 932 731 1008 priusquam
754 932 992 991 Lacedaemonii
1014 934 1084 992 sul>

187 1034 267 1094 sidici
282 1043 432 1106 venirent,
452 1034 597 1094 dimicare
617 1035 691 1094 utile
712 1035 950 1115 arbitrabituns
972 1040 1082 1114 Itaque

187 1137 219 1195 in
246 1138 343 1197 aciem
373 1136 511 1214 peditum
541 1147 675 1211 centurn,
700 1138 837 1215 equitum
866 1139 974 1197 decem
999 1139 1083 1197 milia
1179 1183 1182 1189 -

153 1249 170 1299 5
187 1241 331 1317 prddirxit
346 1240 557 1317 proeliumque
574 1240 735 1300 commisit.
781 1244 818 1299 In
834 1249 896 1318 qus)
910 1249 999 1301 tanti)
1014 1241 1082 1319 plus

187 1344 298 1403 virtute
320 1343 481 1403 valuerunt
502 1344 711 1403 Athenienses
732 1354 766 1403 ut
788 1344 1008 1422 decemplicem
1030 1365 1083 1403 nu·
1103 1360 1133 1395 10

188 1466 304 1506 merum
330 1446 464 1506 hostium
494 1446 694 1524 prdfligairint,
719 1448 859 1524 adedque
889 1456 943 1507 eds
971 1458 1083 1525 perter-

187 1558 312 1609 ruerunt
333 1560 367 1609 ut
390 1552 502 1609 Persae
523 1557 585 1609 nim
606 1559 716 1623 castra,
733 1552 789 1610 sed
811 1559 906 1610 naves
928 1551 1080 1628 petierint.

188 1654 259 1727 Qua
274 1662 377 1730 pugna
393 1653 468 1711 nihil
484 1654 585 1712 adhirc
600 1653 717 1712 exstitit
733 1654 879 1713 nribilius:
903 1654 986 1713 nulla
1001 1655 1082 1714 enim

188 1775 333 1833 umquam
355 1765 417 1814 tam
440 1755 550 1833 exigua
570 1775 681 1815 manus
700 1766 802 1815 tantais
817 1764 893 1833 opes
907 1757 1081 1833 prristr'avit.

151 1871 175 1931 6
230 1858 326 1921 Cuius
346 1859 492 1920 victtiriae
513 1867 575 1919 nim
597 1840 730 1919 alienum
750 1859 871 1919 videtur
890 1862 981 1938 quaile
999 1881 1083 1939 prae·
1103 1883 1132 1936 15
1201 1894 1209 1908 ·

187 1964 282 2022 mium
312 1963 446 2022 Miltiadi
476 1962 516 2022 sit
543 1962 692 2023 tributum
721 1964 841 2036 docere,
872 1972 934 2040 qud
962 1965 1082 2023 facilius

188 2066 324 2144 intellegi
339 2067 438 2144 possit
454 2066 584 2126 eandem
600 2066 736 2126 omnium
748 2067 905 2127 civitatum
917 2087 986 2126 esse
998 2077 1082 2127 natir-

153 2183 260 2233 2ram.
306 2172 349 2229 Ut
375 2170 456 2229 enim
479 2170 584 2246 populi
609 2171 743 2229 Rimani
768 2170 901 2229 honines
927 2171 1082 2247 quondam

187 2274 311 2333 fuerunt
332 2282 391 2332 riri
412 2282 443 2331 et
462 2280 570 2331 tenues
591 2273 632 2330 ob
653 2291 782 2349 eamque
803 2291 927 2331 causam
947 2273 1081 2350 gluririsi,

188 2396 270 2436 nunc
296 2386 400 2435 autem
426 2375 516 2434 effusi
542 2385 636 2452 atque
661 2375 802 2447 obsoleti,
829 2384 873 2434 sic
898 2376 971 2435 ‹ilim
1000 2377 1082 2454 apud
1101 2401 1133 2438 20
1223 2382 1230 2399 ¹

154 2479 397 2538 3Athenienses
419 2478 515 2536 luisse
537 2487 715 2554 reperimus.
761 2481 903 2555 Namque
923 2479 994 2538 huic
1015 2479 1083 2537 Mil·

187 2582 272 2656 tiadi,
297 2591 350 2658 qui
379 2582 520 2641 Athenis
548 2589 708 2658 tritamque
737 2580 900 2640 Graeciam
929 2582 1080 2655 liberarat,

187 2685 258 2745 talis
284 2686 383 2745 honds
409 2685 542 2744 tributus
568 2693 624 2756 est,
649 2684 681 2742 in
704 2684 832 2760 porticu,
854 2704 933 2762 quae
961 2686 1095 2744 Poecile.

187 2798 322 2862 vocatur,
339 2808 408 2848 cum
424 2799 527 2865 pugna
546 2787 763 2864 depingeretur
780 2787 985 2860 Marathdnia
1002 2798 1036 2848 ut
1050 2789 1081 2846 in

187 2893 295 2952 decem
315 2900 489 2969 praeturum
512 2899 639 2949 numeri>
660 2900 759 2966 prima
779 2890 845 2950 eius
867 2890 969 2967 imagi)
990 2899 1083 2968 prine-
1102 2916 1131 2967 ²5

177 3087 184 3106 ο
230 3078 243 3130 5
258 3065 408 3129 aimigero,
427 3062 620 3127 pugnare-6
637 3062 768 3127 subsidii,
786 3065 936 3112 auxt'liai—
947 3077 973 3111 11
994 3065 1083 3128 prifli-

186 3149 289 3213 girint,
303 3149 500 3211 pristrciverint.
512 3175 546 3182 —
560 3161 588 3206 14
606 3146 714 3211 exigua,
731 3153 833 3207 parvm
856 3148 931 3212 opes,
949 3150 1039 3209 crinitis.
1049 3178 1083 3185 -—

189 3247 219 3296 19
230 3232 294 3297 riri,
303 3236 400 3296 pauci,¹
418 3230 537 3295 gluridsi,
546 3231 686 3294 praeclari.
693 3257 727 3265 —
734 3243 766 3278 20
777 3230 851 3294 iiim,
861 3232 999 3293 quondam.
1008 3260 1041 3267 —
1051 3247 1064 3279 2
1067 3245 1081 3296 5

185 3317 349 3381 praeturum,
361 3315 463 3362 ducum.
