2509 3725
10 422 13 513 l

428 224 661 273 meruisses.
696 237 720 287 9,
735 238 771 273 ιο.
1015 223 1049 275 ³9

117 397 133 447 5
151 393 276 453 tetiene.
323 394 384 452 Sed
399 392 525 451 videbat
544 392 575 450 id
594 392 661 450 sine
680 400 750 468 rege
768 394 860 450 Perse
876 398 938 451 nen
954 410 1047 467 posse

150 496 223 568 fieri,
251 496 381 571 ideeque
408 515 478 554 eum
504 504 636 553 amicum
662 494 721 553 sibi
748 494 893 570 cupiebat
922 493 1048 570 adiungi

150 618 250 675 neque
276 598 439 658 dubitabat
461 598 552 657 facile
577 605 610 656 se
634 605 877 670 censecutirrum,
903 606 930 656 si
954 597 1046 655 modo

129 678 214 761 'eius
223 701 431 761 conveniundi
440 700 600 760 habuisset
609 709 804 777 potestatem.
843 703 923 758 Nam
933 703 1046 780 Cyrum

148 806 273 863 fratrem
288 814 316 864 ei
331 805 445 864 bellum
466 805 545 863 clam
565 812 674 881 parere
691 794 946 862 Lacedaemoniis
961 803 1045 862 adiu·
1082 818 1095 870 5

148 907 293 967 vantibus
309 908 446 967 sciebat:
470 908 501 966 id
524 917 550 966 si
573 907 753 984 aperuisset,
770 915 914 983 megnam
936 914 969 965 se
991 906 1045 964 ini-

148 1021 247 1070 turum
262 1011 391 1088 gretiam
406 1010 541 1069 videbat.

101 1108 147 1168 10
191 1116 263 1174 Hec
283 1132 352 1172 cum
373 1115 529 1173 meliretur
550 1122 729 1190 peteretque
748 1122 767 1173 e
788 1108 989 1173 Pharnabaze
1012 1125 1045 1173 ut

149 1218 188 1275 ad
210 1224 313 1293 regem
336 1217 513 1289 mitteretur,
537 1218 648 1276 eedem
670 1226 807 1293 tempore
831 1216 944 1275 Crities
966 1224 1045 1275 cete·

148 1329 233 1396 rique
252 1329 375 1399 tyranni
394 1320 632 1379 Atheniensium
652 1327 753 1379 certes
773 1320 914 1380 homines
932 1321 972 1378 ad
988 1322 1044 1398 Ly·
1064 1343 1094 1377 10

149 1424 295 1481 sandrum
324 1423 355 1480 in
382 1423 489 1481 Asiam
519 1431 675 1494 miserant,
703 1432 755 1499 qui
784 1442 854 1481 eum
883 1422 1043 1482 certierem

147 1527 294 1598 facerent,
321 1526 381 1584 nisi
406 1525 598 1585 Alcibiadem
626 1526 810 1597 sustulisset,
836 1525 912 1583 nihil
938 1534 1043 1585 cerum

148 1636 247 1687 rerum
265 1630 331 1687 iore
355 1639 453 1688 ratum
475 1638 552 1704 ques
572 1628 638 1705 ipse
658 1630 789 1687 Athenis
809 1629 1043 1689 censtituisset:

148 1740 249 1808 quare,
268 1742 294 1791 si
317 1741 389 1791 sues
411 1739 460 1791 res
482 1741 588 1809 gestes
611 1739 734 1791 manere
754 1732 854 1804 vellet,
872 1732 957 1789 illum
978 1752 1044 1809 per-

114 1842 131 1895 2
147 1842 332 1912 sequeretur.
367 1836 426 1895 His
443 1838 526 1896 Lace
541 1836 633 1895 rebus
649 1843 819 1896 commetus
835 1835 943 1896 statuit
958 1846 1044 1896 accir-
1063 1857 1092 1910 15

147 1940 243 1999 retius
266 1940 326 1999 sibi
348 1940 500 2016 agendum
523 1959 592 1998 cum
614 1941 825 2000 Pharnabaze.
872 1939 955 1999 Huic
970 1948 1043 2017 erge

147 2042 302 2102 renuntiat
317 2060 396 2120 quae
414 2051 477 2119 regi
495 2062 564 2101 cum
581 2043 836 2102 Lacedaemoniis
852 2054 965 2116 essent,
982 2043 1043 2102 nisi

148 2143 340 2205 Alcibiadem
370 2156 471 2204 vivum
502 2155 554 2204 aut
583 2156 736 2205 mortuum
765 2147 824 2206 sibi
854 2147 1041 2207 tradidisset.

103 2253 130 2304 ·3
149 2251 218 2309 Nen
235 2249 304 2308 tulit
319 2251 400 2308 hunc
417 2257 554 2325 satrapes
571 2259 601 2308 et
616 2249 731 2309 violere
743 2250 938 2309 clementiam
951 2270 1043 2326 quam

146 2353 227 2430 regis
242 2360 317 2429 opes
333 2353 428 2410 minui
444 2352 559 2411 meluit.
606 2355 716 2428 ltaque
731 2353 814 2411 misit
831 2354 1042 2412 Susamithren
1062 2374 1093 2409 20

146 2466 177 2514 et
194 2457 348 2534 Bagaeum
366 2457 405 2514 ad
422 2455 615 2514 Alcibiadem
637 2455 891 2529 interficiendum,
908 2476 976 2515 cum
992 2457 1042 2515 ille

146 2569 229 2620 esset
259 2559 291 2617 in
322 2558 454 2638 Phrygie
484 2558 602 2635 iterque
636 2559 676 2617 ad
709 2566 812 2636 regem
841 2569 1041 2636 compareret.

112 2665 238 2722 4Missi
261 2663 338 2721 clam
362 2662 513 2721 vicinitati
542 2662 572 2720 in
596 2671 657 2738 que
679 2672 743 2721 tum
767 2663 945 2722 Alcibiades
967 2673 1041 2736 erat,

147 2765 222 2825 dant
245 2765 402 2842 negetium
424 2775 457 2823 ut
479 2784 549 2823 eum
572 2764 767 2824 interficiant.
813 2766 863 2823 llli
878 2785 946 2825 cum
961 2768 1043 2826 ferre

146 2869 272 2945 aggredi
288 2875 349 2927 nen
366 2869 523 2940 auderent,
541 2878 636 2926 noctir
654 2869 736 2945 ligna
751 2868 946 2927 contulerunt
961 2869 1042 2928 circe
1062 2890 1074 2923 2
1079 2888 1092 2940 5

178 3064 194 3111 4
214 3052 389 3115 potestt'ttem,
412 3050 635 3098 mereseium-6
657 3051 818 3116 aperuisset,
837 3053 1043 3116 patefecerat.-

144 3133 159 3181 8
186 3133 334 3198 metiretur,
354 3139 521 3196 compareret.
534 3161 568 3169 -
583 3147 610 3180 12
639 3133 808 3198 sustulisset,
827 3135 1044 3199 interficisset.-

147 3231 177 3280 13
194 3219 294 3282 rutum,
307 3222 473 3266 cammun—
481 3231 512 3265 20
530 3215 639 3281 meluit,
652 3219 800 3278 anteposuit.
808 3245 841 3252 —
849 3231 881 3277 24
892 3218 1042 3284 negetium,

144 3308 254 3364 operam.
