2509 3725
488 720 790 831 hormines

155 918 177 977 1
234 923 439 994 Arcrarnuis
463 921 583 981 Cliniae
607 922 700 994 filius,
717 920 926 980 Atheniensis.
971 922 1009 978 In
1028 920 1088 979 hoe

169 1058 173 1062 -
193 1024 267 1101 quid
279 1033 388 1083 natura
400 1025 519 1083 efficere
531 1025 639 1101 possit,
653 1024 773 1083 videtur
784 1033 917 1100 experta.
957 1024 1089 1082 Constat

192 1127 274 1213 enirn
294 1127 374 1187 inter
392 1136 499 1187 omnes
518 1128 624 1203 quide
640 1135 677 1187 eo
693 1126 857 1186 memoriae
876 1126 1087 1204 prodiderunt,

192 1230 268 1287 nihil
284 1230 336 1289 illo
351 1230 448 1289 fuisse
464 1230 666 1289 excellentius
681 1231 729 1289 vel
746 1230 776 1287 in
791 1230 873 1289 vitiis
888 1231 937 1289 vel
952 1230 983 1288 in
999 1229 1088 1288 virtu-

158 1341 176 1392 2
193 1333 285 1392 tibus,
330 1336 431 1392 Na'rtus
447 1334 479 1392 in
495 1334 686 1410 amplissima
698 1333 821 1393 civitate
835 1341 954 1393 summo
965 1351 1086 1410 genere,
1124 1350 1138 1403 5

194 1436 329 1495 omnium
343 1435 453 1495 aetatis
464 1455 538 1495 suae
550 1436 647 1496 multo
662 1436 913 1510 formosissimus,
926 1436 966 1495 ad
981 1443 1088 1495 omnes

193 1548 242 1599 res
257 1548 347 1615 aptus
363 1538 534 1616 consilique
550 1539 661 1616 plenus
678 1540 825 1618 (namque
846 1539 1011 1615 imperator
1030 1538 1089 1597 fuit

194 1662 331 1702 summus
355 1652 386 1701 et
408 1652 485 1701 mari
508 1653 539 1702 et
564 1645 670 1723 terra),
693 1643 836 1714 disertus,
860 1652 893 1701 ut
923 1643 953 1700 in
982 1650 1088 1719 primis

194 1747 327 1805 dicendo
343 1747 466 1818 valeret,
484 1746 568 1823 quod
590 1756 678 1805 tanta
696 1756 761 1805 erat
779 1746 1007 1805 commendatio
1027 1745 1088 1805 oris

194 1860 286 1927 atque
303 1850 459 1922 orationis,
478 1859 510 1909 ut
526 1858 617 1910 nemo
633 1859 661 1909 ei
676 1859 783 1926 posset
797 1850 939 1909 resistere
954 1875 961 1924 ;
984 1849 1087 1920 dives;
1110 1872 1140 1908 ιο

160 1959 177 2008 3
194 1973 262 2012 curn
278 1964 399 2030 tempus
415 1964 565 2031 posceret,
583 1954 764 2026 laboriosus
777 1954 900 2031 patiens
914 1979 921 2028 3
944 1953 1087 2025 liberalis,

195 2057 376 2134 splendidus
392 2066 453 2115 non
471 2058 572 2116 minus
589 2057 619 2114 in
636 2067 699 2116 vita
714 2077 806 2133 quam
819 2067 900 2116 victu
914 2082 920 2130 3
934 2057 1087 2129 adfabilis,

160 2161 336 2233 4blandus,
364 2160 553 2236 temporibus
579 2159 777 2219 callidissime
804 2160 958 2219 serviens:
998 2161 1088 2231 idem,

195 2263 342 2322 simulac
365 2272 398 2322 se
421 2272 579 2322 remiserat
601 2283 702 2340 neque
729 2283 823 2322 causa
846 2265 971 2322 suberat
996 2270 1090 2339 quare

195 2367 288 2425 animi
304 2368 440 2426 laborem
458 2369 615 2444 perferret,
633 2367 815 2440 luxuriosus
832 2368 1009 2440 dissolutus,
1025 2366 1090 2424 libi·
1112 2375 1141 2428 ¹5

195 2471 332 2543 dinosus,
353 2471 562 2547 intemperans
584 2471 802 2547 reperiebatur,
822 2481 855 2529 ut
869 2477 976 2529 omnes
999 2470 1091 2527 admi-

194 2583 333 2633 rarentur
355 2575 386 2632 in
409 2581 470 2633 uno
491 2574 615 2632 homine
642 2584 759 2632 tantam
782 2593 850 2632 esse
874 2572 1092 2632 dissimilitudi-

195 2697 266 2736 nem
281 2688 405 2754 tamque
422 2677 573 2735 diversam
590 2686 739 2736 naturam.

156 2783 178 2841 2
238 2776 395 2840 Educatus
411 2791 457 2840 est
473 2781 503 2838 in
521 2781 613 2840 domo
626 2781 735 2838 Pericli
750 2781 920 2859 (privignus
933 2781 1014 2839 enim
1026 2781 1092 2839 eius

194 2885 290 2944 fuisse
306 2884 441 2964 dicitur),
460 2885 596 2942 eruditus
611 2893 630 2942 a
647 2887 780 2942 Socrate.
827 2885 972 2942 Socerum
984 2883 1092 2942 habuit
1112 2895 1125 2928 2

228 3072 242 3122 3
272 3057 415 3108 memoriae
445 3058 630 3121 prodiderunt,
655 3061 888 3118 scripserunt-4
905 3057 1091 3121 excellentius,

198 3143 380 3204 praestantius.
391 3140 446 3188 -8
465 3140 591 3204 disertus,
611 3141 778 3202 eloquens.-
790 3154 815 3186 11
837 3142 967 3204 posceret,
981 3142 1094 3201 postula-

195 3234 239 3273 ret.
250 3253 283 3260 -
295 3239 324 3288 13
343 3224 473 3288 serviens,
487 3228 567 3270 arins.
577 3252 610 3258 -
622 3236 652 3281 14
670 3224 787 3286 suberat,
801 3224 896 3270 aderat.
907 3252 940 3259 -
952 3237 960 3269 r
967 3236 980 3287 5
993 3221 1094 3286 perfer-

194 3309 244 3373 ret,
258 3311 383 3357 tolcrdret.
