2509 3725
394 229 679 277 EPAMINONDAS.
716 242 737 295 5,
750 230 774 279 6.
999 231 1033 281 47

132 416 201 457 cum
222 397 364 457 universe
380 396 512 456 Graecie
527 397 577 456 vix
594 397 703 457 decem
723 407 813 457 annis
835 409 927 457 imam
949 400 1031 475 cepit

132 502 247 573 urbem,
264 520 321 577 ego
337 510 444 559 contre
467 510 503 559 ee
526 510 587 559 une
610 502 685 560 urbe
708 511 816 561 nostre
835 502 946 578 dieque
969 511 1030 562 ime

131 612 227 664 tetam
243 604 405 663 Graeciam
422 604 679 663 Lacedaemoniis
695 604 810 681 lugetis
826 604 983 664 liberavi.’'

94 708 118 769 6
172 702 261 767 ldem
275 727 344 766 cum
354 707 385 766 in
397 717 584 765 conventum
594 707 731 766 venisset
743 707 907 781 Arcadum,
919 716 1029 785 petens

131 821 164 870 ut
190 811 370 870 societatem
395 829 465 868 cum
489 811 648 868 Thebanis
675 820 706 869 et
732 814 854 888 Argivis
879 812 1026 885 facerent,
1065 831 1078 882 5

131 924 300 990 contraque
325 913 530 986 CallistratuS,
557 913 794 973 Atheniensium
821 915 949 991 legetus,
975 925 1029 993 qui

130 1017 307 1094 eloquentie
322 1024 431 1076 omnes
446 1025 483 1076 ee
498 1018 678 1094 praestebat
698 1028 844 1094 tempore,
858 1019 1029 1094 postularet

130 1131 163 1180 ut
188 1121 292 1199 potius
318 1121 483 1180 amicitiam
510 1133 713 1199 sequerentur
735 1122 917 1195 Atticerum,
942 1124 1027 1182 etin

95 1224 267 1285 2<ireti6ne
290 1234 346 1284 sue
368 1225 463 1284 multa
486 1225 625 1285 invectus
648 1236 732 1285 esset
754 1226 783 1283 in
806 1227 974 1285 Thebanes
996 1237 1028 1286 et

130 1332 269 1407 Argives,
287 1330 318 1388 in
334 1331 433 1408 iisque
455 1332 514 1390 hec
534 1331 699 1408 posuisset,
716 1329 852 1389 animum
868 1330 1027 1390 advertere
1047 1355 1078 1390 ro

130 1433 242 1492 debere
265 1435 404 1493 Arcades
427 1434 534 1511 queles
557 1444 686 1510 utraque
717 1434 826 1492 civites
851 1440 934 1492 cives
960 1441 1027 1510 prr}

129 1546 273 1610 creasset,
304 1557 342 1597 ex
366 1538 478 1614 quibus
504 1538 543 1596 de
572 1544 683 1596 ceteris
712 1546 841 1634 possent
871 1536 1025 1596 iirdicare:

129 1642 260 1718 Argives
275 1641 356 1699 enim
372 1641 469 1700 fuisse
485 1642 628 1701 Orestem
644 1652 675 1701 et
691 1641 910 1701 Alcmaeonem
926 1641 1026 1701 metri-

128 1743 223 1816 cides‚
254 1745 371 1803 Thebis
401 1745 555 1822 Oedipum
585 1754 700 1818 netum,
732 1754 784 1822 qui
813 1763 882 1803 curn
907 1754 1026 1821 patrem

128 1867 216 1906 suum
246 1847 461 1920 interfecisset,
493 1868 531 1907 ex
560 1856 656 1908 mettre
686 1848 799 1909 libertis
825 1855 1023 1924 precreesse:
1045 1870 1075 1922 15

7 2015 8 2024 χ
92 1955 110 2004 3
126 1951 197 2010 huic
220 1951 250 2008 in
274 1952 493 2027 respondendi)
511 1953 752 2028 EpaminendaiS,
770 1971 840 2010 cum
859 1953 898 2010 de
915 1959 1025 2011 ceteris

126 2061 309 2130 pereresset,
323 2065 489 2131 postquam
501 2055 541 2113 ad
556 2055 608 2113 illa
620 2056 683 2114 duo
695 2055 861 2131 opprobria
875 2055 1023 2131 pervenit,

126 2158 270 2217 admireri
291 2165 324 2216 se
341 2159 417 2217 dixit
440 2157 598 2218 stultitiam
621 2159 751 2218 rhetoris
768 2159 871 2231 Attici,
890 2167 942 2235 qui
962 2167 1025 2218 non

125 2260 376 2319 animadverterit
392 2261 574 2320 innocentes
597 2262 667 2320 illes
690 2268 781 2321 netes
803 2262 894 2333 domi,
909 2262 1024 2320 scelere

125 2363 263 2423 admisse
285 2383 354 2422 cum
377 2365 475 2440 patria
502 2375 606 2423 essent
633 2365 762 2439 expulsi,
787 2372 928 2440 receptes
955 2383 1024 2423 esse
1043 2386 1075 2421 20

89 2467 165 2525 4ab
195 2466 447 2526 Atheniensibus
502 2468 563 2526 Sed
593 2468 724 2526 maxime
753 2468 819 2526 eius
848 2467 1025 2543 eloquentia

124 2569 218 2628 eluxit
235 2572 363 2647 Spartae
376 2572 469 2648 legati
485 2582 556 2630 ante
569 2582 703 2648 pirgnam
717 2570 917 2630 Leuctricam.
953 2571 1024 2644 Qus)

123 2691 194 2731 cum
216 2672 351 2732 omnium
376 2675 528 2733 socierum
551 2674 771 2733 convenissent
795 2675 897 2751 legeti,
921 2681 1024 2732 ceram

122 2776 374 2850 frequentissime
401 2777 590 2852 legitienum
620 2786 774 2835 conventri
800 2786 845 2836 sic
872 2778 1025 2835 Lacedae·

122 2878 296 2938 monierum
319 2880 512 2957 tyrannidem
535 2881 674 2957 coarguit
697 2890 730 2939 ut
752 2887 815 2939 nen
841 2880 942 2938 minus
972 2879 1023 2938 iila
1043 2900 1073 2952 ²5

122 2981 263 3041 eretiene
293 2990 368 3058 opes
398 2991 502 3041 eerum
525 2984 717 3043 concusserit
740 2995 832 3060 quam
862 2983 1023 3042 Leuctrice

165 3158 178 3205 7
206 3147 374 3210 praemebat,
404 3147 545 3208 superabat.
558 3146 618 3195 —8
646 3149 830 3211 sequerentur,
856 3154 1024 3209 peterent-

124 3243 154 3276 ro
179 3229 324 3294 posuisset,
346 3231 540 3277 dixisset—20
563 3230 693 3296 admisso,
708 3232 868 3296 sacta-25
891 3229 1022 3293 coarguit,

121 3313 234 3359 ostendit.
