<?xml version="1.0" encoding="UTF-8"?>
<!DOCTYPE html PUBLIC "-//W3C//DTD XHTML 1.0 Transitional//EN"
    "http://www.w3.org/TR/xhtml1/DTD/xhtml1-transitional.dtd">
<html xmlns="http://www.w3.org/1999/xhtml" xml:lang="en" lang="en">
 <head>
  <title>
</title>
<meta http-equiv="Content-Type" content="text/html;charset=utf-8" />
  <meta name='ocr-system' content='tesseract 3.04.00' />
  <meta name='ocr-capabilities' content='ocr_page ocr_carea ocr_par ocr_line ocrx_word'/>
</head>
<body>
  <div class='ocr_page' id='page_1' title='image "./selectedlivesfr02nepogoog_0101.png"; bbox 0 0 2509 3725; ppageno 0'>
   <div class='ocr_carea' id='block_1_1' title="bbox 451 230 1050 294">
    <p class='ocr_par' dir='ltr' id='par_1_1' title="bbox 451 230 1050 294">
     <span class='ocr_line' id='line_1_1' title="bbox 451 230 1050 294; baseline 0.01 -17"><span class='ocrx_word' id='word_1_1' title='bbox 451 230 657 278; x_wconf 80' lang='lat' dir='ltr'>nnnnmnn.</span> <span class='ocrx_word' id='word_1_2' title='bbox 693 231 716 288; x_wconf 82' lang='lat' dir='ltr'>a,</span> <span class='ocrx_word' id='word_1_3' title='bbox 729 245 752 294; x_wconf 85' lang='lat'>9.</span> <span class='ocrx_word' id='word_1_4' title='bbox 1018 230 1050 283; x_wconf 81' lang='lat'>73</span> 
     </span>
    </p>
   </div>
   <div class='ocr_carea' id='block_1_2' title="bbox 116 397 1098 1300">
    <p class='ocr_par' dir='ltr' id='par_1_2' title="bbox 151 397 1049 476">
     <span class='ocr_line' id='line_1_2' title="bbox 151 397 1049 476; baseline 0.001 -19"><span class='ocrx_word' id='word_1_5' title='bbox 151 398 279 457; x_wconf 90' lang='lat' dir='ltr'>servulis</span> <span class='ocrx_word' id='word_1_6' title='bbox 305 398 402 475; x_wconf 86' lang='lat' dir='ltr'>ipsius</span> <span class='ocrx_word' id='word_1_7' title='bbox 429 397 624 456; x_wconf 82' lang='lat' dir='ltr'>interiectum</span> <span class='ocrx_word' id='word_1_8' title='bbox 651 418 720 457; x_wconf 90' lang='lat' dir='ltr'>eum</span> <span class='ocrx_word' id='word_1_9' title='bbox 747 408 896 476; x_wconf 88' lang='lat' dir='ltr'>scriptum</span> <span class='ocrx_word' id='word_1_10' title='bbox 922 399 1049 476; x_wconf 87' lang='lat' dir='ltr'>relique-</span> 
     </span>
    </p>

    <p class='ocr_par' dir='ltr' id='par_1_3' title="bbox 117 501 1098 887">
     <span class='ocr_line' id='line_1_3' title="bbox 117 501 1049 579; baseline 0 -17"><span class='ocrx_word' id='word_1_11' title='bbox 117 511 229 562; x_wconf 87' lang='lat' dir='ltr'>3runt.</span> <span class='ocrx_word' id='word_1_12' title='bbox 274 501 448 560; x_wconf 87' lang='lat' dir='ltr'>Antiochus</span> <span class='ocrx_word' id='word_1_13' title='bbox 475 511 585 572; x_wconf 90' lang='lat' dir='ltr'>autem,</span> <span class='ocrx_word' id='word_1_14' title='bbox 603 510 630 559; x_wconf 92' lang='lat' dir='ltr'>si</span> <span class='ocrx_word' id='word_1_15' title='bbox 655 511 719 560; x_wconf 87' lang='lat' dir='ltr'>tam</span> <span class='ocrx_word' id='word_1_16' title='bbox 749 502 779 560; x_wconf 94' lang='lat' dir='ltr'>in</span> <span class='ocrx_word' id='word_1_17' title='bbox 800 503 938 579; x_wconf 80' lang='lat' dir='ltr'>gerendo</span> <span class='ocrx_word' id='word_1_18' title='bbox 966 503 1049 562; x_wconf 80' lang='lat' dir='ltr'>bello</span> 
     </span>
     <span class='ocr_line' id='line_1_4' title="bbox 150 602 1048 682; baseline 0.001 -19"><span class='ocrx_word' id='word_1_19' title='bbox 150 602 287 664; x_wconf 83' lang='lat' dir='ltr'>consiliis</span> <span class='ocrx_word' id='word_1_20' title='bbox 306 604 372 663; x_wconf 88' lang='lat' dir='ltr'>eius</span> <span class='ocrx_word' id='word_1_21' title='bbox 389 611 495 680; x_wconf 75' lang='lat' dir='ltr'>perere</span> <span class='ocrx_word' id='word_1_22' title='bbox 514 603 663 663; x_wconf 91' lang='lat' dir='ltr'>voluisset</span> <span class='ocrx_word' id='word_1_23' title='bbox 683 624 775 681; x_wconf 88' lang='lat' dir='ltr'>quam</span> <span class='ocrx_word' id='word_1_24' title='bbox 794 605 824 662; x_wconf 90' lang='lat' dir='ltr'>in</span> <span class='ocrx_word' id='word_1_25' title='bbox 849 605 1048 682; x_wconf 81' lang='lat' dir='ltr'>suscipiendo</span> 
     </span>
     <span class='ocr_line' id='line_1_5' title="bbox 150 707 1048 787; baseline 0.002 -22"><span class='ocrx_word' id='word_1_26' title='bbox 150 707 333 779; x_wconf 85' lang='lat' dir='ltr'>instituerat,</span> <span class='ocrx_word' id='word_1_27' title='bbox 360 707 487 783; x_wconf 93' lang='lat' dir='ltr'>propius</span> <span class='ocrx_word' id='word_1_28' title='bbox 513 707 618 766; x_wconf 86' lang='lat' dir='ltr'>Tiberi</span> <span class='ocrx_word' id='word_1_29' title='bbox 649 727 740 784; x_wconf 91' lang='lat' dir='ltr'>quam</span> <span class='ocrx_word' id='word_1_30' title='bbox 768 709 984 787; x_wconf 87' lang='lat' dir='ltr'>Thermopylis</span> <span class='ocrx_word' id='word_1_31' title='bbox 1009 709 1048 767; x_wconf 88' lang='lat' dir='ltr'>de</span> 
     </span>
     <span class='ocr_line' id='line_1_6' title="bbox 150 810 1098 887; baseline 0.001 -18"><span class='ocrx_word' id='word_1_32' title='bbox 150 819 269 869; x_wconf 76' lang='lat' dir='ltr'>summe</span> <span class='ocrx_word' id='word_1_33' title='bbox 285 810 392 887; x_wconf 87' lang='lat' dir='ltr'>imperi</span> <span class='ocrx_word' id='word_1_34' title='bbox 411 810 598 870; x_wconf 64' lang='lat' dir='ltr'>dimicasset.</span> <span class='ocrx_word' id='word_1_35' title='bbox 644 811 745 884; x_wconf 90' lang='lat' dir='ltr'><strong>Quem</strong></span> <span class='ocrx_word' id='word_1_36' title='bbox 764 820 823 870; x_wconf 90' lang='lat' dir='ltr'>etsi</span> <span class='ocrx_word' id='word_1_37' title='bbox 841 812 937 870; x_wconf 89' lang='lat' dir='ltr'>multa</span> <span class='ocrx_word' id='word_1_38' title='bbox 955 812 1049 870; x_wconf 90' lang='lat' dir='ltr'>stulte</span> <span class='ocrx_word' id='word_1_39' title='bbox 1084 826 1098 880; x_wconf 82' lang='lat'>5</span> 
     </span>
    </p>

    <p class='ocr_par' dir='ltr' id='par_1_4' title="bbox 116 913 1048 1300">
     <span class='ocr_line' id='line_1_7' title="bbox 116 913 1048 995; baseline 0.003 -24"><span class='ocrx_word' id='word_1_40' title='bbox 116 920 256 973; x_wconf 67' lang='lat' dir='ltr'>detineri</span> <span class='ocrx_word' id='word_1_41' title='bbox 274 913 407 984; x_wconf 89' lang='lat' dir='ltr'>videbat,</span> <span class='ocrx_word' id='word_1_42' title='bbox 428 923 531 972; x_wconf 88' lang='lat' dir='ltr'>tamen</span> <span class='ocrx_word' id='word_1_43' title='bbox 556 913 640 972; x_wconf 79' lang='lat' dir='ltr'>nulle</span> <span class='ocrx_word' id='word_1_44' title='bbox 662 914 797 973; x_wconf 89' lang='lat' dir='ltr'>deseruit</span> <span class='ocrx_word' id='word_1_45' title='bbox 820 914 851 995; x_wconf 75' lang='lat' dir='ltr'>in</span> <span class='ocrx_word' id='word_1_46' title='bbox 874 921 915 974; x_wconf 90' lang='lat' dir='ltr'>re.</span> <span class='ocrx_word' id='word_1_47' title='bbox 961 917 1048 974; x_wconf 90' lang='lat' dir='ltr'>Prae-</span> 
     </span>
     <span class='ocr_line' id='line_1_8' title="bbox 149 1016 1046 1095; baseline 0 -22"><span class='ocrx_word' id='word_1_48' title='bbox 149 1016 208 1074; x_wconf 84' lang='lat' dir='ltr'>ruit</span> <span class='ocrx_word' id='word_1_49' title='bbox 231 1024 338 1092; x_wconf 89' lang='lat' dir='ltr'>paucis</span> <span class='ocrx_word' id='word_1_50' title='bbox 362 1016 502 1087; x_wconf 77' lang='lat' dir='ltr'>neribus,</span> <span class='ocrx_word' id='word_1_51' title='bbox 528 1025 604 1092; x_wconf 77' lang='lat' dir='ltr'>ques</span> <span class='ocrx_word' id='word_1_52' title='bbox 628 1035 666 1074; x_wconf 86' lang='lat' dir='ltr'>ex</span> <span class='ocrx_word' id='word_1_53' title='bbox 691 1017 778 1095; x_wconf 78' lang='lat' dir='ltr'>Syrie</span> <span class='ocrx_word' id='word_1_54' title='bbox 801 1017 903 1076; x_wconf 81' lang='lat' dir='ltr'>iussus</span> <span class='ocrx_word' id='word_1_55' title='bbox 926 1027 992 1076; x_wconf 88' lang='lat' dir='ltr'>erat</span> <span class='ocrx_word' id='word_1_56' title='bbox 1016 1017 1046 1074; x_wconf 92' lang='lat' dir='ltr'>in</span> 
     </span>
     <span class='ocr_line' id='line_1_9' title="bbox 151 1118 1047 1196; baseline 0 -18"><span class='ocrx_word' id='word_1_57' title='bbox 151 1119 257 1178; x_wconf 87' lang='lat' dir='ltr'>Asiam</span> <span class='ocrx_word' id='word_1_58' title='bbox 276 1120 396 1189; x_wconf 80' lang='lat' dir='ltr'>ducere,</span> <span class='ocrx_word' id='word_1_59' title='bbox 418 1118 515 1196; x_wconf 90' lang='lat' dir='ltr'>iisque</span> <span class='ocrx_word' id='word_1_60' title='bbox 535 1119 684 1178; x_wconf 88' lang='lat' dir='ltr'>adversus</span> <span class='ocrx_word' id='word_1_61' title='bbox 703 1119 895 1179; x_wconf 80' lang='lat' dir='ltr'>Rhodiorum</span> <span class='ocrx_word' id='word_1_62' title='bbox 915 1119 1047 1178; x_wconf 87' lang='lat' dir='ltr'><strong>classem</strong></span> 
     </span>
     <span class='ocr_line' id='line_1_10' title="bbox 150 1222 1047 1300; baseline 0.002 -20"><span class='ocrx_word' id='word_1_63' title='bbox 150 1223 181 1280; x_wconf 93' lang='lat' dir='ltr'>in</span> <span class='ocrx_word' id='word_1_64' title='bbox 199 1222 379 1300; x_wconf 77' lang='lat' dir='ltr'>Pamphylio</span> <span class='ocrx_word' id='word_1_65' title='bbox 395 1231 470 1280; x_wconf 92' lang='lat' dir='ltr'>mari</span> <span class='ocrx_word' id='word_1_66' title='bbox 486 1222 632 1281; x_wconf 78' lang='lat' dir='ltr'>cenflixit.</span> <span class='ocrx_word' id='word_1_67' title='bbox 677 1223 834 1296; x_wconf 82' lang='lat' dir='ltr'>Quocum</span> <span class='ocrx_word' id='word_1_68' title='bbox 852 1223 1047 1282; x_wconf 77' lang='lat' dir='ltr'>multitudine</span> 
     </span>
    </p>
   </div>
   <div class='ocr_carea' id='block_1_3' title="bbox 150 1325 1197 1403">
    <p class='ocr_par' dir='ltr' id='par_1_5' title="bbox 150 1325 1197 1403">
     <span class='ocr_line' id='line_1_11' title="bbox 150 1325 1197 1403; baseline 0.001 -19"><span class='ocrx_word' id='word_1_69' title='bbox 150 1325 394 1385; x_wconf 63' lang='lat' dir='ltr'>adversariorum</span> <span class='ocrx_word' id='word_1_70' title='bbox 410 1334 457 1384; x_wconf 85' lang='lat' dir='ltr'>sui</span> <span class='ocrx_word' id='word_1_71' title='bbox 473 1334 698 1402; x_wconf 76' lang='lat' dir='ltr'>supererentur,</span> <span class='ocrx_word' id='word_1_72' title='bbox 712 1326 787 1403; x_wconf 90' lang='lat' dir='ltr'>ipse,</span> <span class='ocrx_word' id='word_1_73' title='bbox 801 1334 862 1402; x_wconf 81' lang='lat' dir='ltr'>quo</span> <span class='ocrx_word' id='word_1_74' title='bbox 874 1336 969 1386; x_wconf 78' lang='lat' dir='ltr'>cornu</span> <span class='ocrx_word' id='word_1_75' title='bbox 984 1345 1047 1386; x_wconf 94' lang='lat' dir='ltr'>rem</span> <span class='ocrx_word' id='word_1_76' title='bbox 1068 1351 1098 1385; x_wconf 87' lang='lat' dir='ltr'>ro</span> <span class='ocrx_word' id='word_1_77' title='bbox 1194 1341 1197 1346; x_wconf 83' lang='grc'><strong>’</strong></span> 
     </span>
    </p>
   </div>
   <div class='ocr_carea' id='block_1_4' title="bbox 114 1429 1098 3163">
    <p class='ocr_par' dir='ltr' id='par_1_6' title="bbox 114 1429 1098 3163">
     <span class='ocr_line' id='line_1_12' title="bbox 149 1429 490 1508; baseline 0 -20"><span class='ocrx_word' id='word_1_78' title='bbox 149 1429 254 1508; x_wconf 87' lang='lat' dir='ltr'>gessit,</span> <span class='ocrx_word' id='word_1_79' title='bbox 271 1429 329 1487; x_wconf 80' lang='lat' dir='ltr'>ruit</span> <span class='ocrx_word' id='word_1_80' title='bbox 344 1429 490 1506; x_wconf 88' lang='lat' dir='ltr'>superior.</span> 
     </span>
     <span class='ocr_line' id='line_1_13' title="bbox 114 1532 1046 1616; baseline 0.002 -26"><span class='ocrx_word' id='word_1_81' title='bbox 114 1544 141 1616; x_wconf 83' lang='grc' dir='ltr'>9Ι</span> <span class='ocrx_word' id='word_1_82' title='bbox 192 1532 348 1592; x_wconf 83' lang='lat' dir='ltr'>Antiocho</span> <span class='ocrx_word' id='word_1_83' title='bbox 365 1532 480 1610; x_wconf 62' lang='lat' dir='ltr'>fugato,</span> <span class='ocrx_word' id='word_1_84' title='bbox 497 1539 608 1591; x_wconf 89' lang='lat' dir='ltr'>verens</span> <span class='ocrx_word' id='word_1_85' title='bbox 627 1540 666 1591; x_wconf 91' lang='lat' dir='ltr'>ne</span> <span class='ocrx_word' id='word_1_86' title='bbox 685 1534 857 1606; x_wconf 71' lang='lat' dir='ltr'>dederetur,</span> <span class='ocrx_word' id='word_1_87' title='bbox 878 1533 961 1610; x_wconf 93' lang='lat' dir='ltr'>quod</span> <span class='ocrx_word' id='word_1_88' title='bbox 980 1533 1046 1592; x_wconf 91' lang='lat' dir='ltr'>sine</span> 
     </span>
     <span class='ocr_line' id='line_1_14' title="bbox 150 1635 1046 1713; baseline -0.001 -18"><span class='ocrx_word' id='word_1_89' title='bbox 150 1635 246 1695; x_wconf 83' lang='lat' dir='ltr'>dubio</span> <span class='ocrx_word' id='word_1_90' title='bbox 264 1635 437 1706; x_wconf 88' lang='lat' dir='ltr'>accidisset,</span> <span class='ocrx_word' id='word_1_91' title='bbox 454 1645 480 1693; x_wconf 91' lang='lat' dir='ltr'>si</span> <span class='ocrx_word' id='word_1_92' title='bbox 500 1645 546 1694; x_wconf 89' lang='lat' dir='ltr'>sui</span> <span class='ocrx_word' id='word_1_93' title='bbox 564 1635 693 1694; x_wconf 84' lang='lat' dir='ltr'>fecisset</span> <span class='ocrx_word' id='word_1_94' title='bbox 711 1645 906 1713; x_wconf 78' lang='lat' dir='ltr'>potestatem,</span> <span class='ocrx_word' id='word_1_95' title='bbox 923 1639 1046 1696; x_wconf 90' lang='lat' dir='ltr'>Cretam</span> 
     </span>
     <span class='ocr_line' id='line_1_15' title="bbox 151 1734 1047 1824; baseline 0 -28"><span class='ocrx_word' id='word_1_96' title='bbox 151 1739 191 1824; x_wconf 91' lang='lat' dir='ltr'>ad</span> <span class='ocrx_word' id='word_1_97' title='bbox 213 1738 380 1816; x_wconf 72' lang='lat' dir='ltr'>Gortynius</span> <span class='ocrx_word' id='word_1_98' title='bbox 402 1739 494 1811; x_wconf 92' lang='lat' dir='ltr'>venit,</span> <span class='ocrx_word' id='word_1_99' title='bbox 518 1749 556 1803; x_wconf 41' lang='lat' dir='ltr'>ut.</span> <span class='ocrx_word' id='word_1_100' title='bbox 574 1738 625 1811; x_wconf 92' lang='lat' dir='ltr'>ibi,</span> <span class='ocrx_word' id='word_1_101' title='bbox 650 1746 713 1816; x_wconf 80' lang='lat' dir='ltr'>quo</span> <span class='ocrx_word' id='word_1_102' title='bbox 734 1747 768 1798; x_wconf 89' lang='lat' dir='ltr'>se</span> <span class='ocrx_word' id='word_1_103' title='bbox 791 1734 953 1812; x_wconf 79' lang='lat' dir='ltr'>conferret,</span> <span class='ocrx_word' id='word_1_104' title='bbox 977 1747 1047 1800; x_wconf 83' lang='lat' dir='ltr'>con-</span> 
     </span>
     <span class='ocr_line' id='line_1_16' title="bbox 116 1840 1096 1918; baseline -0.002 -16"><span class='ocrx_word' id='word_1_105' title='bbox 116 1843 308 1908; x_wconf 74' lang='lat' dir='ltr'>asideraret.</span> <span class='ocrx_word' id='word_1_106' title='bbox 364 1840 451 1901; x_wconf 87' lang='lat' dir='ltr'>Vidit</span> <span class='ocrx_word' id='word_1_107' title='bbox 475 1851 576 1901; x_wconf 89' lang='lat' dir='ltr'>autem</span> <span class='ocrx_word' id='word_1_108' title='bbox 600 1841 647 1901; x_wconf 88' lang='lat' dir='ltr'>vir</span> <span class='ocrx_word' id='word_1_109' title='bbox 669 1843 806 1902; x_wconf 91' lang='lat' dir='ltr'>omnium</span> <span class='ocrx_word' id='word_1_110' title='bbox 830 1843 1047 1903; x_wconf 86' lang='lat' dir='ltr'>callidissimus</span> <span class='ocrx_word' id='word_1_111' title='bbox 1067 1866 1096 1918; x_wconf 83' lang='lat'>15</span> 
     </span>
     <span class='ocr_line' id='line_1_17' title="bbox 150 1946 1045 2024; baseline 0.003 -21"><span class='ocrx_word' id='word_1_112' title='bbox 150 1946 181 2003; x_wconf 93' lang='lat' dir='ltr'>in</span> <span class='ocrx_word' id='word_1_113' title='bbox 207 1952 320 2022; x_wconf 76' lang='lat' dir='ltr'>magne</span> <span class='ocrx_word' id='word_1_114' title='bbox 344 1951 378 2003; x_wconf 91' lang='lat' dir='ltr'>se</span> <span class='ocrx_word' id='word_1_115' title='bbox 401 1946 467 2003; x_wconf 84' lang='lat' dir='ltr'>iore</span> <span class='ocrx_word' id='word_1_116' title='bbox 493 1946 638 2021; x_wconf 82' lang='lat' dir='ltr'>periculo,</span> <span class='ocrx_word' id='word_1_117' title='bbox 664 1946 724 2005; x_wconf 92' lang='lat' dir='ltr'>nisi</span> <span class='ocrx_word' id='word_1_118' title='bbox 751 1947 825 2024; x_wconf 92' lang='lat' dir='ltr'>quid</span> <span class='ocrx_word' id='word_1_119' title='bbox 851 1948 1045 2023; x_wconf 78' lang='lat' dir='ltr'>providisset,</span> 
     </span>
     <span class='ocr_line' id='line_1_18' title="bbox 149 2047 1047 2127; baseline 0 -20"><span class='ocrx_word' id='word_1_120' title='bbox 149 2058 274 2126; x_wconf 91' lang='lat' dir='ltr'>propter</span> <span class='ocrx_word' id='word_1_121' title='bbox 286 2047 443 2106; x_wconf 77' lang='lat' dir='ltr'>averitiam</span> <span class='ocrx_word' id='word_1_122' title='bbox 457 2048 664 2107; x_wconf 73' lang='lat' dir='ltr'>Cretensium:</span> <span class='ocrx_word' id='word_1_123' title='bbox 686 2058 829 2127; x_wconf 75' lang='lat' dir='ltr'>megnam</span> <span class='ocrx_word' id='word_1_124' title='bbox 845 2050 926 2109; x_wconf 89' lang='lat' dir='ltr'>enim</span> <span class='ocrx_word' id='word_1_125' title='bbox 943 2058 1047 2109; x_wconf 89' lang='lat' dir='ltr'>secum</span> 
     </span>
     <span class='ocr_line' id='line_1_19' title="bbox 150 2157 1045 2237; baseline -0.002 -20"><span class='ocrx_word' id='word_1_126' title='bbox 150 2160 312 2234; x_wconf 77' lang='lat' dir='ltr'>pecuniam</span> <span class='ocrx_word' id='word_1_127' title='bbox 335 2161 487 2237; x_wconf 79' lang='lat' dir='ltr'>portabat,</span> <span class='ocrx_word' id='word_1_128' title='bbox 512 2160 551 2219; x_wconf 88' lang='lat' dir='ltr'>de</span> <span class='ocrx_word' id='word_1_129' title='bbox 574 2166 635 2235; x_wconf 75' lang='lat' dir='ltr'>que</span> <span class='ocrx_word' id='word_1_130' title='bbox 658 2157 776 2217; x_wconf 90' lang='lat' dir='ltr'>sciebat</span> <span class='ocrx_word' id='word_1_131' title='bbox 799 2165 900 2217; x_wconf 86' lang='lat' dir='ltr'>exisse</span> <span class='ocrx_word' id='word_1_132' title='bbox 922 2157 1045 2215; x_wconf 75' lang='lat' dir='ltr'>famam.</span> 
     </span>
     <span class='ocr_line' id='line_1_20' title="bbox 116 2260 1047 2341; baseline 0 -24"><span class='ocrx_word' id='word_1_133' title='bbox 116 2266 261 2340; x_wconf 87' lang='lat' dir='ltr'>3Itaque</span> <span class='ocrx_word' id='word_1_134' title='bbox 283 2264 366 2341; x_wconf 86' lang='lat' dir='ltr'>capit</span> <span class='ocrx_word' id='word_1_135' title='bbox 388 2266 449 2324; x_wconf 73' lang='lat' dir='ltr'>tale</span> <span class='ocrx_word' id='word_1_136' title='bbox 470 2264 641 2325; x_wconf 81' lang='lat' dir='ltr'>consilium.</span> <span class='ocrx_word' id='word_1_137' title='bbox 686 2262 860 2339; x_wconf 78' lang='lat' dir='ltr'>Amphoras</span> <span class='ocrx_word' id='word_1_138' title='bbox 876 2260 1047 2337; x_wconf 78' lang='lat' dir='ltr'>complures</span> 
     </span>
     <span class='ocr_line' id='line_1_21' title="bbox 150 2366 1098 2445; baseline -0.004 -20"><span class='ocrx_word' id='word_1_139' title='bbox 150 2368 284 2444; x_wconf 87' lang='lat' dir='ltr'>complet</span> <span class='ocrx_word' id='word_1_140' title='bbox 310 2368 446 2445; x_wconf 83' lang='lat' dir='ltr'>plumbo,</span> <span class='ocrx_word' id='word_1_141' title='bbox 473 2376 607 2427; x_wconf 74' lang='lat' dir='ltr'>summas</span> <span class='ocrx_word' id='word_1_142' title='bbox 633 2366 733 2444; x_wconf 92' lang='lat' dir='ltr'>operit</span> <span class='ocrx_word' id='word_1_143' title='bbox 757 2373 831 2424; x_wconf 86' lang='lat' dir='ltr'>auro</span> <span class='ocrx_word' id='word_1_144' title='bbox 855 2375 887 2424; x_wconf 92' lang='lat' dir='ltr'>et</span> <span class='ocrx_word' id='word_1_145' title='bbox 908 2370 1045 2441; x_wconf 84' lang='lat' dir='ltr'>argento.</span> <span class='ocrx_word' id='word_1_146' title='bbox 1066 2381 1098 2416; x_wconf 91' lang='lat'>20</span> 
     </span>
     <span class='ocr_line' id='line_1_22' title="bbox 152 2466 1047 2547; baseline -0.007 -19"><span class='ocrx_word' id='word_1_147' title='bbox 152 2471 220 2529; x_wconf 75' lang='lat' dir='ltr'>Hes</span> <span class='ocrx_word' id='word_1_148' title='bbox 235 2470 450 2547; x_wconf 89' lang='lat' dir='ltr'>praesentibus</span> <span class='ocrx_word' id='word_1_149' title='bbox 466 2470 657 2547; x_wconf 89' lang='lat' dir='ltr'>principibus</span> <span class='ocrx_word' id='word_1_150' title='bbox 673 2469 801 2545; x_wconf 81' lang='lat' dir='ltr'>deponit</span> <span class='ocrx_word' id='word_1_151' title='bbox 817 2468 848 2525; x_wconf 95' lang='lat' dir='ltr'>in</span> <span class='ocrx_word' id='word_1_152' title='bbox 864 2467 980 2543; x_wconf 80' lang='lat' dir='ltr'>templo</span> <span class='ocrx_word' id='word_1_153' title='bbox 996 2466 1047 2524; x_wconf 90' lang='lat' dir='ltr'>Di-</span> 
     </span>
     <span class='ocr_line' id='line_1_23' title="bbox 149 2570 1046 2645; baseline -0.004 -14"><span class='ocrx_word' id='word_1_154' title='bbox 149 2581 236 2645; x_wconf 75' lang='lat' dir='ltr'>enae,</span> <span class='ocrx_word' id='word_1_155' title='bbox 250 2573 398 2632; x_wconf 81' lang='lat' dir='ltr'>simulans</span> <span class='ocrx_word' id='word_1_156' title='bbox 414 2580 529 2632; x_wconf 74' lang='lat' dir='ltr'>sesnes</span> <span class='ocrx_word' id='word_1_157' title='bbox 541 2575 681 2632; x_wconf 79' lang='lat' dir='ltr'>fortunas</span> <span class='ocrx_word' id='word_1_158' title='bbox 693 2572 812 2631; x_wconf 78' lang='lat' dir='ltr'>illorum</span> <span class='ocrx_word' id='word_1_159' title='bbox 825 2571 897 2628; x_wconf 87' lang='lat' dir='ltr'>fidei</span> <span class='ocrx_word' id='word_1_160' title='bbox 912 2570 1046 2629; x_wconf 85' lang='lat' dir='ltr'>credere.</span> 
     </span>
     <span class='ocr_line' id='line_1_24' title="bbox 151 2676 1047 2750; baseline -0.003 -17"><span class='ocrx_word' id='word_1_161' title='bbox 151 2677 212 2735; x_wconf 93' lang='lat' dir='ltr'>His</span> <span class='ocrx_word' id='word_1_162' title='bbox 227 2677 258 2734; x_wconf 96' lang='lat' dir='ltr'>in</span> <span class='ocrx_word' id='word_1_163' title='bbox 275 2683 407 2735; x_wconf 79' lang='lat' dir='ltr'>errorem</span> <span class='ocrx_word' id='word_1_164' title='bbox 422 2676 564 2748; x_wconf 91' lang='lat' dir='ltr'>inductis,</span> <span class='ocrx_word' id='word_1_165' title='bbox 583 2685 701 2736; x_wconf 77' lang='lat' dir='ltr'>statuas</span> <span class='ocrx_word' id='word_1_166' title='bbox 717 2683 839 2745; x_wconf 73' lang='lat' dir='ltr'>aeneaiS,</span> <span class='ocrx_word' id='word_1_167' title='bbox 854 2682 930 2750; x_wconf 77' lang='lat' dir='ltr'>quas</span> <span class='ocrx_word' id='word_1_168' title='bbox 943 2679 1047 2732; x_wconf 90' lang='lat' dir='ltr'>seeum</span> 
     </span>
     <span class='ocr_line' id='line_1_25' title="bbox 149 2776 1048 2855; baseline -0.006 -17"><span class='ocrx_word' id='word_1_169' title='bbox 149 2780 300 2855; x_wconf 75' lang='lat' dir='ltr'>portebat,</span> <span class='ocrx_word' id='word_1_170' title='bbox 318 2788 401 2838; x_wconf 91' lang='lat' dir='ltr'>omni</span> <span class='ocrx_word' id='word_1_171' title='bbox 418 2788 473 2838; x_wconf 79' lang='lat' dir='ltr'>sua</span> <span class='ocrx_word' id='word_1_172' title='bbox 490 2779 621 2855; x_wconf 78' lang='lat' dir='ltr'>pecunia</span> <span class='ocrx_word' id='word_1_173' title='bbox 640 2779 774 2855; x_wconf 87' lang='lat' dir='ltr'>complet</span> <span class='ocrx_word' id='word_1_174' title='bbox 795 2785 909 2853; x_wconf 73' lang='lat' dir='ltr'>erisque</span> <span class='ocrx_word' id='word_1_175' title='bbox 931 2776 961 2833; x_wconf 95' lang='lat' dir='ltr'>in</span> <span class='ocrx_word' id='word_1_176' title='bbox 983 2782 1048 2851; x_wconf 82' lang='lat' dir='ltr'>pre-</span> 
     </span>
     <span class='ocr_line' id='line_1_26' title="bbox 116 2881 1098 2961; baseline -0.006 -20"><span class='ocrx_word' id='word_1_177' title='bbox 116 2881 255 2959; x_wconf 69' lang='lat' dir='ltr'>lpatulo</span> <span class='ocrx_word' id='word_1_178' title='bbox 271 2883 354 2941; x_wconf 92' lang='lat' dir='ltr'>domi</span> <span class='ocrx_word' id='word_1_179' title='bbox 371 2882 473 2940; x_wconf 88' lang='lat' dir='ltr'>abicit.</span> <span class='ocrx_word' id='word_1_180' title='bbox 511 2882 660 2961; x_wconf 39' lang='lat' dir='ltr'>,Gortynii</span> <span class='ocrx_word' id='word_1_181' title='bbox 676 2882 823 2957; x_wconf 90' lang='lat' dir='ltr'>templum</span> <span class='ocrx_word' id='word_1_182' title='bbox 844 2888 956 2957; x_wconf 64' lang='lat' dir='ltr'>migne</span> <span class='ocrx_word' id='word_1_183' title='bbox 977 2886 1048 2937; x_wconf 75' lang='lat' dir='ltr'>cirre</span> <span class='ocrx_word' id='word_1_184' title='bbox 1068 2892 1098 2945; x_wconf 87' lang='lat'>25</span> 
     </span>
     <span class='ocr_line' id='line_1_27' title="bbox 150 2981 1047 3061; baseline -0.006 -18"><span class='ocrx_word' id='word_1_185' title='bbox 150 2985 336 3058; x_wconf 79' lang='lat' dir='ltr'>custodiunt,</span> <span class='ocrx_word' id='word_1_186' title='bbox 354 2993 416 3044; x_wconf 79' lang='lat' dir='ltr'>non</span> <span class='ocrx_word' id='word_1_187' title='bbox 439 2995 502 3043; x_wconf 91' lang='lat' dir='ltr'>tam</span> <span class='ocrx_word' id='word_1_188' title='bbox 522 2994 540 3043; x_wconf 79' lang='lat' dir='ltr'>ri</span> <span class='ocrx_word' id='word_1_189' title='bbox 561 2993 671 3044; x_wconf 89' lang='lat' dir='ltr'>ceteris</span> <span class='ocrx_word' id='word_1_190' title='bbox 692 3004 784 3061; x_wconf 87' lang='lat' dir='ltr'>quam</span> <span class='ocrx_word' id='word_1_191' title='bbox 804 2983 842 3042; x_wconf 91' lang='lat' dir='ltr'>ab</span> <span class='ocrx_word' id='word_1_192' title='bbox 860 2981 1047 3053; x_wconf 88' lang='lat' dir='ltr'>Hannibale,</span> 
     </span>
     <span class='ocr_line' id='line_1_28' title="bbox 150 3086 997 3163; baseline -0.001 -18"><span class='ocrx_word' id='word_1_193' title='bbox 150 3096 189 3147; x_wconf 87' lang='lat' dir='ltr'>ne</span> <span class='ocrx_word' id='word_1_194' title='bbox 204 3088 255 3147; x_wconf 90' lang='lat' dir='ltr'>ille</span> <span class='ocrx_word' id='word_1_195' title='bbox 272 3088 476 3147; x_wconf 89' lang='lat' dir='ltr'>inscientibus</span> <span class='ocrx_word' id='word_1_196' title='bbox 492 3088 529 3146; x_wconf 89' lang='lat' dir='ltr'>iis</span> <span class='ocrx_word' id='word_1_197' title='bbox 545 3089 666 3146; x_wconf 89' lang='lat' dir='ltr'>tolleret</span> <span class='ocrx_word' id='word_1_198' title='bbox 682 3096 847 3163; x_wconf 90' lang='lat' dir='ltr'>secumque</span> <span class='ocrx_word' id='word_1_199' title='bbox 863 3086 997 3145; x_wconf 81' lang='lat' dir='ltr'>duceret.</span> 
     </span>
    </p>
   </div>
   <div class='ocr_carea' id='block_1_5' title="bbox 152 3220 1050 3373">
    <p class='ocr_par' dir='ltr' id='par_1_7' title="bbox 152 3220 1050 3373">
     <span class='ocr_line' id='line_1_29' title="bbox 183 3220 1050 3286; baseline -0.006 -17"><span class='ocrx_word' id='word_1_200' title='bbox 183 3220 199 3269; x_wconf 90' lang='lat'>6</span> <span class='ocrx_word' id='word_1_201' title='bbox 234 3221 362 3286; x_wconf 75' lang='lat' dir='ltr'>deseruit,</span> <span class='ocrx_word' id='word_1_202' title='bbox 393 3223 550 3285; x_wconf 69' lang='lat' dir='ltr'>reliquit—</span> <span class='ocrx_word' id='word_1_203' title='bbox 564 3235 594 3281; x_wconf 84' lang='lat'>14</span> <span class='ocrx_word' id='word_1_204' title='bbox 623 3222 813 3284; x_wconf 67' lang='lat' dir='ltr'>censideralret,</span> <span class='ocrx_word' id='word_1_205' title='bbox 849 3220 1050 3267; x_wconf 64' lang='lat' dir='ltr'>deliberaret.—</span> 
     </span>
     <span class='ocr_line' id='line_1_30' title="bbox 152 3302 1001 3373; baseline -0.002 -22"><span class='ocrx_word' id='word_1_206' title='bbox 152 3317 183 3371; x_wconf 90' lang='lat'>19</span> <span class='ocrx_word' id='word_1_207' title='bbox 201 3304 284 3373; x_wconf 85' lang='lat' dir='ltr'>capit,</span> <span class='ocrx_word' id='word_1_208' title='bbox 303 3306 450 3354; x_wconf 76' lang='lat' dir='ltr'>iniit—20</span> <span class='ocrx_word' id='word_1_209' title='bbox 468 3304 565 3373; x_wconf 84' lang='lat' dir='ltr'>operit,</span> <span class='ocrx_word' id='word_1_210' title='bbox 585 3303 732 3371; x_wconf 72' lang='lat' dir='ltr'>regia-26</span> <span class='ocrx_word' id='word_1_211' title='bbox 743 3303 860 3371; x_wconf 84' lang='lat' dir='ltr'>tolleret,</span> <span class='ocrx_word' id='word_1_212' title='bbox 878 3302 1001 3371; x_wconf 73' lang='lat' dir='ltr'>auferret.</span> 
     </span>
    </p>
   </div>
   <div class='ocr_carea' id='block_1_6' title="bbox 0 0 1260 3725">
    <p class='ocr_par' dir='ltr' id='par_1_8' title="bbox 0 0 1260 3725">
     <span class='ocr_line' id='line_1_31' title="bbox 0 0 1260 3725; baseline 0 0"><span class='ocrx_word' id='word_1_213' title='bbox 0 0 1260 3725; x_wconf 95' lang='lat' dir='ltr'> </span> 
     </span>
    </p>
   </div>
  </div>
 </body>
</html>
