2509 3725
384 219 680 267 THEMISTOCLES.
716 233 739 281 7,
750 219 776 267 8.
997 218 1027 269 15

131 385 229 445 tendit
243 386 324 445 falsa
339 386 376 445 iis
392 405 461 445 esse
477 387 597 445 deleta:
619 394 713 463 quere
729 405 860 462 aequum
876 406 945 445 esse
958 386 1027 445 illes

130 490 211 549 vires
233 491 334 549 bones
354 490 536 566 nobilesque
559 490 680 549 mittere
703 490 815 566 quibus
837 491 915 549 fides
934 491 1027 549 habe-

129 601 219 666 retur,
246 603 298 670 qui
331 612 394 651 rem
427 593 638 669 explererent:
675 593 793 653 interee
823 600 856 653 se
886 593 1027 653 obsidem

96 703 112 752 3
128 696 304 756 retinerent.
349 698 465 755 Gestus
481 705 528 755 est
544 705 572 755 el
588 704 664 769 meS,
677 704 801 772 tresque
822 697 914 773 legiti
929 698 1027 756 teneti

128 810 256 859 summis
279 800 448 859 honeribus
473 800 614 858 Athenas
640 809 727 859 missi
750 809 831 860 sunt.
877 803 956 860 Cum
976 801 1026 859 his
1063 814 1075 865 5

127 904 274 980 conleges
299 910 371 963 sues
393 902 619 962 Themistocles
644 903 733 962 iussit
754 904 906 980 proficisci
926 903 1025 979 iisque

127 1006 280 1083 praedixit
310 1017 342 1066 ut
372 1013 410 1064 ne
443 1006 527 1082 prius
557 1006 875 1068 Lacedaemonierum
908 1007 1025 1083 legetes

95 1110 318 1169 4dimitterent
340 1128 431 1186 quam
455 1108 521 1185 ipse
544 1119 628 1169 esset
649 1120 805 1169 remissus.
851 1112 921 1169 Hes
944 1120 1026 1186 post-

127 1232 219 1289 quam
240 1214 380 1272 Athenes
400 1212 579 1289 pervenisse
600 1222 685 1272 ratus
701 1224 757 1283 est,
774 1214 815 1272 ad
829 1212 1025 1289 magistratus

126 1326 331 1393 senatumque
357 1316 674 1375 Lacedaemoniorum
703 1316 780 1375 adiit
806 1326 837 1375 et
862 1317 945 1392 apud
971 1324 1025 1375 ees
1046 1339 1075 1373 10

126 1420 280 1479 liberrime
302 1420 461 1496 professus
484 1429 548 1479 est:
574 1419 783 1479 Athenienses
805 1427 862 1478 suo
884 1420 1023 1491 consilis),

126 1524 211 1600 quod
234 1532 388 1581 communi
413 1523 477 1582 iure
500 1522 639 1600 gentium
662 1523 765 1581 facere
788 1532 925 1599 possent,
949 1523 1025 1582 deos

126 1627 267 1704 pr‘rblices
283 1634 418 1703 suesque
432 1626 549 1703 patries
565 1634 602 1684 ec
617 1633 756 1702 penates,
773 1633 834 1701 quo
850 1626 970 1684 facilius
986 1627 1024 1684 ab

125 1731 215 1789 hoste
234 1739 363 1807 possent
385 1730 562 1802 defendere,
580 1739 674 1788 muris
696 1729 860 1805 saepsisse,
878 1748 978 1805 neque
994 1729 1025 1787 in

93 1837 108 1887 5
126 1838 164 1894 ee
180 1835 264 1912 quod
280 1833 386 1893 inutile
402 1842 484 1893 esset
500 1833 651 1893 Graeciae
667 1832 788 1892 fecisse.
809 1834 889 1890 Nam
905 1832 1025 1891 illerum
1046 1852 1075 1905 15

126 1939 234 1998 urbem
250 1947 282 1996 ut
297 1938 562 2015 propugnaculum
584 1936 762 2013 oppositum
784 1955 853 1994 esse
875 1937 1023 2008 barbaris,

126 2041 210 2118 apud
233 2061 324 2118 quam
348 2040 409 2100 iam
431 2040 480 2099 bis
502 2041 619 2098 classes
645 2040 745 2116 regies
771 2039 882 2097 fecisse
906 2040 1026 2097 naufra-

93 2153 109 2202 6
125 2144 218 2221 glum.
243 2143 509 2204 Lacedaemonies
526 2153 628 2202 autem
644 2144 724 2202 male
740 2153 770 2201 et
786 2143 897 2200 iniuste
912 2143 1022 2213 facere,

127 2258 179 2325 qui
195 2247 226 2307 id
238 2249 341 2325 potius
357 2248 557 2319 intuerentur,
571 2247 654 2322 quod
671 2246 805 2322 ipserum
822 2245 1025 2304 dominetieni

127 2369 218 2430 quam
235 2351 319 2430 quod
334 2351 494 2410 universae
511 2349 661 2408 Graeciae
682 2349 754 2408 ntile
774 2357 866 2406 esset.
911 2350 1023 2420 Quare,
1044 2371 1075 2404 20

127 2465 153 2513 si
169 2463 243 2514 sues
258 2455 377 2531 legetos
393 2454 529 2530 recipere
546 2453 669 2523 vellent,
687 2459 765 2526 ques
781 2452 922 2509 Athenas
937 2461 1026 2509 mise-

126 2568 204 2630 rant,
229 2566 261 2616 se
286 2557 486 2629 remitterent,
510 2577 573 2615 cum
600 2556 687 2614 aliter
711 2555 779 2612 illes
803 2573 972 2630 numquam
994 2555 1025 2612 in

126 2662 257 2740 patriam
273 2671 377 2720 essent
394 2669 554 2736 recepturi.
583 2708 586 2714 .

88 2771 112 2831 8
169 2766 289 2823 Tamen
322 2771 384 2823 non
418 2763 525 2839 effugit
558 2762 670 2820 civium
695 2764 831 2819 'suerum
868 2761 1024 2820 invidiam.

127 2871 270 2944 Namque
295 2869 335 2926 ob
360 2868 492 2925 eundem
518 2865 658 2924 timerem
683 2872 744 2940 quo
770 2865 936 2923 damnatus
962 2875 1026 2923 erat
1045 2885 1075 2936 25

128 2971 296 3042 Miltiades,
321 2971 502 3029 testulerum
531 2968 685 3045 suffregiis
712 2975 728 3026 e
754 2968 879 3026 civitete
909 2967 1026 3026 eiectus

172 3138 181 3172 1
199 3137 259 3175 esse
273 3124 374 3187 delita,
391 3140 440 3171 esse
456 3123 584 3170 nzentidta.
595 3134 650 3181 -7
667 3121 813 3185 praedixit,
821 3123 957 3183 praecepit.
967 3136 1027 3184 -9

127 3210 204 3260 ratus
222 3208 274 3270 est,
293 3208 435 3254 arbitratus
452 3213 577 3255 est-11
599 3202 738 3269 professus
754 3212 805 3269 est,
824 3205 897 3252 verba
908 3205 1027 3268 ficit.-

128 3305 142 3338 2
146 3303 159 3355 5
172 3293 214 3353 ob,
224 3297 337 3352 propter.
