2509 3725
185 222 219 272 44
448 223 732 271 EPAMINONDAS.
766 237 790 288 3,
802 238 825 285 4.

187 388 217 447 in
248 398 353 466 primis
382 398 547 448 commissa
577 390 691 462 celans
723 390 807 466 quod
837 390 990 450 interdum
1019 398 1082 451 non

187 492 287 551 minus
307 493 433 570 prodest
453 511 544 568 quam
563 492 677 551 diserte
696 493 806 566 dicere,
825 493 981 553 studiosus
1001 493 1084 552 audi-

188 596 280 658 endi:
315 615 352 654 ex
379 596 439 654 hoc
469 595 550 654 enim
582 594 727 654 facillime
760 595 838 655 disci
870 596 1082 656 arbitrabatur.

153 713 170 763 3
189 702 298 775 Itaque
319 717 388 757 cum
408 698 440 755 in
461 698 606 757 circulum
622 698 758 757 venisset
780 699 811 756 in
836 707 897 775 quo
918 709 970 758 aut
990 700 1030 759 de
1051 707 1083 759 re

187 801 311 879 publica
323 801 531 877 disputaretur
547 811 599 860 aut
614 801 654 860 de
669 801 865 878 philosophia
878 810 978 862 sermo
993 803 1084 862 habe
1120 820 1134 873 5

188 913 278 978 ῐέῖιιτ,
291 924 457 981 numquam
474 904 546 963 inde
561 904 646 981 prius
661 904 804 964 discessit
816 925 908 982 quam
930 907 969 965 ad
988 907 1084 965 finem

154 1014 289 1067 4sermo
318 1018 401 1067 esset
429 1008 590 1068 adductus,
648 1010 863 1085 Paupertatem
889 1010 968 1069 adeo
992 1009 1084 1068 facile

188 1130 353 1188 perpessus
369 1121 417 1169 est
432 1121 465 1170 ut
480 1111 518 1171 de
533 1110 701 1188 republica
716 1111 791 1168 nihil
811 1121 933 1188 praeter
957 1111 1085 1189 gloriam

189 1213 313 1291 ceperit.
363 1217 540 1274 Amicorum
564 1214 596 1273 in
621 1222 654 1273 se
678 1215 795 1274 tuendo
818 1216 916 1274 caruit
937 1215 1085 1274 facultati·

98 1400 100 1403 Ι
188 1319 255 1390 buS,
279 1319 340 1377 fide
368 1316 408 1376 ad
431 1317 507 1377 alios
531 1318 740 1377 sublevandos
763 1337 856 1394 saepe
878 1328 922 1377 sic
944 1329 1017 1377 usus
1039 1329 1137 1380 estro

190 1432 223 1480 ut
238 1421 366 1481 iudicari
388 1420 487 1497 possit
509 1420 612 1479 omnia
636 1430 664 1479 ei
684 1440 753 1479 cum
774 1430 881 1480 amicis
895 1422 991 1481 fuisse
1007 1441 1086 1481 com-

156 1524 302 1583 5mimia.
354 1525 434 1583 Nam
457 1542 526 1584 cum
549 1534 601 1583 aut
622 1523 733 1583 civium
761 1533 884 1585 suorum
911 1525 1021 1602 aliquis
1047 1525 1085 1583 ab

190 1628 331 1687 hostibus
349 1637 432 1687 esset
450 1638 568 1704 captus
587 1637 639 1686 aut
654 1626 740 1704 virgo
760 1636 849 1687 amici
869 1628 990 1701 nubilis,
1008 1647 1087 1704 quae

190 1740 315 1808 propter
325 1740 537 1807 paupertatem
547 1730 703 1790 conlocari
715 1737 778 1789 non
793 1740 907 1807 posset,
921 1740 1087 1791 amicorum

191 1834 352 1895 consilium
375 1834 510 1893 habebat
532 1843 570 1906 et,
593 1843 742 1911 quantum
764 1834 894 1911 quisque
914 1835 1010 1903 daret,
1032 1843 1087 1912 pro
1108 1859 1139 1912 15

157 1949 175 1998 6
190 1937 388 1998 facultatibus
402 1937 580 2013 imperabat.
623 1939 760 2014 Eamque
776 1956 925 1996 summam
937 1957 1007 1997 cum
1018 1946 1088 1998 con-

190 2042 313 2112 fecerat,
337 2040 513 2117 priusquam
540 2039 695 2116 acciperet
719 2041 890 2116 pecuniam,
915 2042 1088 2100 adducebat

192 2163 261 2203 eum
287 2153 339 2220 qui
362 2145 530 2220 quaerebat
556 2143 596 2201 ad
618 2150 673 2202 eos
699 2152 751 2219 qui
773 2144 981 2218 conferebant,
998 2153 1088 2220 eique

192 2257 225 2306 ut
240 2247 299 2324 ipsi
315 2257 517 2319 numerarent,
535 2246 679 2318 faciebat,
695 2256 728 2304 ut
745 2246 804 2319 ille,
823 2248 861 2305 ad
878 2267 968 2323 quem
987 2267 1024 2307 ea
1039 2255 1088 2306 res

191 2351 398 2428 perveniebat,
417 2358 507 2408 sciret
523 2359 672 2425 quantum
688 2349 799 2424 cuique
814 2350 949 2410 deberet.
1107 2376 1140 2410 20

155 2458 179 2517 4
232 2457 366 2513 Tentata
382 2461 483 2511 autem
500 2452 566 2511 eius
582 2461 630 2510 est
645 2452 835 2510 abstinentia
849 2461 867 2510 a
880 2453 1088 2512 Diomedonte

193 2557 365 2636 Cyziceno:
389 2574 521 2632 namque
542 2556 567 2613 is
587 2563 697 2631 rogatu
713 2554 893 2614 Artaxerxis
913 2556 993 2633 regis
1013 2559 1088 2633 Epa·

192 2662 369 2720 minondam
386 2658 516 2735 pecunia
532 2657 788 2733 corrumpendum
805 2665 991 2734 susceperat.
1027 2661 1088 2717 Hic

192 2771 304 2841 magno
320 2781 390 2822 cum
405 2762 541 2838 pondere
558 2769 623 2818 auri
635 2762 662 2817 T
664 2760 760 2818 hobas
770 2760 854 2819 venit
869 2770 900 2819 et
917 2761 1088 2838 Micythum

193 2865 457 2925 adulescentulum
481 2873 615 2940 quinque
633 2863 757 2921 talentis
777 2863 817 2921 ad
838 2883 925 2921 suam
947 2864 1088 2939 perduxit
1108 2890 1138 2940 ²5

192 2971 390 3040 voluntatem,
409 2985 500 3044 quem
520 2976 584 3024 tum
601 2966 833 3042 Epaminondas
848 2966 1007 3042 plurimum
1024 2967 1088 3025 dili·

234 3147 249 3196 3
266 3131 458 3193 arbitrabatur,
477 3127 660 3177 censebat-6
677 3127 814 3191 discessit,
832 3129 981 3178 abiit-10
1001 3130 1090 3180 suble-

192 3217 304 3279 vandos,
324 3213 530 3263 adinvenerun-
541 3210 569 3261 18
590 3208 774 3279 conferebant,
792 3212 974 3265 dabant—26
993 3213 1090 3282 dssige-

193 3301 250 3370 bat,
262 3299 370 3352 amabat,
