2509 3725
504 883 772 966 HANNIBAL.

150 1127 172 1185 l
231 1137 420 1209 Heumann,
457 1134 645 1194 Hamilcaris
679 1135 773 1207 iilius,
805 1136 1083 1213 Karthaginiensis.

189 1240 221 1297 Si
242 1246 346 1298 verum
369 1249 424 1311 est,
443 1239 525 1315 quod
549 1246 640 1299 nemo
663 1238 793 1309 dubitat,
815 1248 848 1296 ut
870 1239 1002 1315 populus
1026 1242 1085 1298 Ro

187 1351 296 1401 manus
318 1349 427 1401 omnes
448 1349 557 1419 gentes
579 1342 690 1401 virtute
711 1342 870 1417 superarit,
889 1350 951 1401 non
974 1352 1021 1401 est
1043 1351 1085 1400 in-

186 1445 347 1503 fitiandum
379 1445 590 1505 Hannibalem
622 1453 710 1504 tants
742 1445 933 1521 praestitisse
966 1454 1085 1505 ceteros

187 1548 387 1624 imperatores
417 1548 589 1624 prudentia,
619 1555 735 1625 quanto
765 1549 898 1624 populus
925 1551 1084 1608 Romanus
1121 1541 1159 1627 5¹
1241 1529 1242 1554 ¹

152 1665 169 1715 2
187 1652 351 1710 antecedat
368 1651 549 1710 fortitudine
571 1660 699 1710 cunctis
719 1652 871 1710 nationes.
917 1654 997 1710 Nam
1013 1672 1086 1729 quo

187 1754 400 1831 tienscumque
421 1775 491 1814 cum
512 1763 549 1814 eo
569 1774 754 1832 congressus
774 1766 822 1814 est
843 1755 874 1813 in
894 1742 991 1828 italia,
1009 1775 1085 1815 sem·

187 1878 241 1934 per
270 1858 415 1918 discessit
445 1858 591 1935 superior.
648 1859 742 1933 Quod
771 1858 831 1918 nisi
860 1859 944 1918 domi
973 1859 1085 1919 civium

188 1969 311 2021 suorum
333 1962 448 2021 invidis
470 1963 649 2022 debilitatus
671 1972 762 2035 esset,
784 1965 942 2022 Romanos
964 1963 1085 2022 videtur
1241 2032 1242 2039 ἵ

187 2073 330 2140 superare
354 2066 501 2142 potuisse.
548 2066 608 2125 Sed
635 2067 799 2126 multorum
825 2067 1009 2126 obtrectatio
1035 2068 1085 2126 de·
1105 2093 1135 2128 10
1241 2072 1242 2075 ’

187 2168 259 2226 vicit
275 2177 365 2227 unius
380 2168 531 2227 virtstem.

153 2273 170 2324 3
230 2273 293 2330 Hic
308 2281 410 2330 autem
425 2272 509 2331 velut
524 2273 695 2332 hereditate
712 2274 850 2332 relictum
866 2273 971 2332 odium
986 2283 1084 2350 pater-

187 2393 259 2432 num
273 2383 344 2451 erga
358 2377 519 2434 Romanos
536 2385 580 2434 sic
592 2376 786 2435 conservavit
802 2385 834 2434 ut
850 2376 934 2452 prius
951 2377 1083 2435 animam

188 2497 278 2554 quam
294 2478 325 2535 id
341 2477 528 2554 deposuerit,
546 2488 598 2555 qui
619 2479 753 2555 quidem,
770 2499 840 2538 cum
858 2479 957 2556 patria
978 2480 1084 2556 pulsus

187 2589 270 2638 esset
285 2590 316 2638 et
332 2580 498 2639 alienarum
521 2600 613 2656 opum
634 2581 793 2658 indigeret,
810 2601 977 2659 numquam
993 2582 1084 2642 desti·
1105 2607 1135 2660 15

151 2677 173 2736 2
187 2683 257 2741 terit
270 2683 372 2742 animo
383 2684 499 2742 bellare
513 2704 582 2742 cum
595 2687 753 2744 Romanis.
800 2687 879 2743 Nam
896 2695 929 2743 ut
944 2686 1083 2745 omittam

187 2785 373 2861 Philippum,
390 2805 480 2862 quem
500 2788 612 2845 absens
634 2788 754 2846 hostem
771 2788 905 2847 reddidit
924 2791 1081 2861 Romanis,

187 2889 322 2947 omnium
338 2889 375 2947 iis
391 2889 581 2965 temporibus
597 2889 830 2965 potentissimus
845 2898 898 2949 rex
910 2893 1083 2951 Antiochus

184 2991 251 3050 fuit.
309 2993 403 3050 Hunc
426 3001 511 3051 tanta't
534 2992 702 3068 cupiditate
729 2993 867 3052 incendit
892 2995 1028 3055 bellandi
1051 3005 1084 3053 ut

226 3138 242 3184 4
260 3124 442 3189 praestitisse,
460 3124 693 3188 supertitiose-6
711 3128 830 3191 epactis,
851 3131 1005 3189 omnin-7
1025 3140 1085 3179 con-

185 3221 293 3271 gressus
305 3209 357 3273 est,
371 3209 510 3256 dimicavit.
519 3237 553 3244 -
563 3222 591 3275 13
609 3208 740 3276 animam,
758 3215 844 3259 vitam.
854 3238 888 3246 -
899 3209 929 3260 16
946 3211 1082 3278 omittam,

186 3297 352 3356 praeteream.
