2509 3725
185 217 217 269 76
468 217 675 265 HANNIBAL.
712 232 749 276 11,
765 232 803 265 12.

184 385 333 458 vidorent,
364 392 485 462 puppes
514 392 671 443 vertorunt
702 392 797 460 saque
826 384 867 442 ad
896 403 952 442 sua
981 394 1083 443 castra

151 488 308 553 7nautica
334 488 525 546 rettulerunt.
580 489 631 545 Sic
656 488 817 545 Hannibal
842 487 973 547 consilio
999 507 1083 547 arma

186 595 443 668 Pergamenorum
473 590 637 666 superavit,
666 609 766 665 neque
796 601 860 648 tum
890 590 998 662 solum,
1026 591 1082 649 sed

185 714 278 772 saepe
296 695 372 753 alias
391 693 587 770 pedestribus
609 693 707 768 copiis
724 703 789 769 pari
808 693 972 769 prudentia
991 712 1083 770 pepu-

185 798 219 856 lit
235 797 436 857 adversarios.
1119 814 1132 866 5

136 904 182 963 12
227 902 315 974 Quae
331 901 403 959 dum
419 899 451 958 in
464 899 539 958 Asia
554 909 710 975 geruntur,
725 898 839 957 accidit
854 908 927 957 casir
943 909 976 958 ut
990 899 1083 975 legati

187 1004 311 1063 Prusiae
326 1007 444 1064 Romae
461 1003 543 1079 apud
556 1004 591 1060 T.
610 1002 772 1075 Quintium
790 1002 996 1060 Flamininum
1012 1010 1082 1061 con-

186 1109 319 1166 sularem
334 1117 489 1180 cenarem,
507 1117 599 1183 atque
615 1106 657 1164 ibi
675 1107 713 1164 do
732 1105 910 1164 Hannibale
927 1107 1082 1164 mentione

185 1211 268 1270 facta
284 1210 373 1270 exiis
390 1222 468 1269 imus
484 1211 600 1269 diceret
615 1229 685 1268 eum
701 1209 733 1268 in
751 1209 875 1267 Prasiae
890 1214 985 1285 regno
1004 1228 1081 1267 esse.

152 1314 223 1373 ald
244 1322 369 1391 postero
389 1314 439 1372 die
456 1314 646 1372 Flamininus
669 1321 791 1372 senatui
813 1311 930 1371 detulit.
976 1313 1083 1370 Patres
1104 1339 1153 1373 10x

186 1426 361 1495 conscripti,
387 1428 439 1494 qui
464 1417 644 1476 Hannibale
669 1425 738 1476 vivo
763 1436 931 1493 numquam
957 1423 991 1474 so
1017 1415 1083 1474 sine

187 1521 306 1581 insidiis
328 1523 447 1582 futuros
470 1519 689 1594 existimarent,
714 1523 833 1599 lagatos
856 1523 886 1580 in
909 1521 1083 1598 Bithyniam

187 1633 343 1697 miserunt,
361 1625 391 1682 in
412 1625 449 1683 iis
472 1625 686 1695 Flamininum,
704 1635 756 1700 qui
780 1627 819 1684 ab
846 1633 916 1702 roge
942 1633 1084 1701 peterent
1122 1605 1140 1692 ¹,

186 1735 225 1786 no
245 1727 488 1786 inimicissimum
509 1748 599 1787 suum
621 1724 725 1788 socum
746 1730 875 1788 haberet
895 1730 1015 1806 sibique
1035 1730 1085 1788 do-

152 1832 281 1893 3deret.
334 1833 395 1891 His
425 1832 532 1892 Prusia
562 1840 674 1910 negare
702 1852 795 1892 ausus
815 1840 885 1892 'non
912 1842 977 1905 est,
1008 1832 1084 1891 illud
1105 1851 1134 1904 15

186 1934 346 2007 recusavit,
364 1943 402 1995 na
425 1935 457 1993 id
479 1944 498 1995 a
520 1944 553 1995 se
576 1937 642 1995 fieri
663 1937 864 2013 postularent,
883 1937 965 2013 quod
981 1936 1085 1995 adver·

187 2058 239 2097 sus
255 2038 301 2097 iris
317 2038 431 2115 hospiti
447 2049 547 2111 esset;
571 2039 638 2117 ipsi,
653 2050 679 2099 si
695 2050 832 2117 possent,
846 2040 1085 2116 comprehende-

186 2151 271 2200 rent:
292 2142 393 2200 locum
406 2142 458 2201 ubi
478 2152 569 2215 esset,
586 2142 677 2201 facile
693 2143 878 2202 inventiiros.
925 2141 1085 2200 Hannibal

187 2244 269 2303 enirn
285 2252 346 2303 imo
361 2245 430 2304 loco
446 2253 479 2303 sa
495 2247 621 2305 tenobat
637 2246 669 2303 in
686 2246 823 2318 castello,
837 2247 921 2322 quod
936 2255 964 2303 ei
980 2254 998 2304 a
1014 2252 1084 2321 rege

187 2348 292 2406 datum
316 2358 381 2406 erat
402 2357 528 2419 mimeri,
547 2348 640 2425 idque
661 2358 706 2407 sic
728 2350 906 2408 aedificarat
921 2359 954 2407 ut
975 2348 1005 2405 in
1024 2367 1084 2405 om·
1104 2370 1134 2403 20

187 2451 278 2510 nibus
291 2451 430 2527 partibus
447 2452 568 2509 aedifici
585 2452 684 2511 exitas
696 2453 833 2524 haboret,
847 2452 965 2510 scilicet
976 2458 1085 2509 verens

155 2567 171 2615 4
189 2562 227 2613 no
246 2564 303 2614 risa
321 2564 439 2613 veniret
464 2556 546 2631 quod
566 2555 687 2613 accidit.
735 2558 806 2614 Hire
825 2574 893 2613 cum
912 2554 1006 2631 logati
1027 2556 1086 2612 Ro

188 2666 347 2717 manorum
363 2657 521 2716 vanissent
537 2667 573 2716 ac
589 2658 785 2717 multitodine
804 2658 929 2717 domum
948 2657 1014 2716 aius
1033 2656 1086 2714 cir-

189 2760 429 2832 cumdedissent,
446 2780 522 2837 puer
540 2761 579 2819 ab
596 2761 689 2820 ianua
704 2762 896 2838 prospiciens
914 2760 1086 2818 Hannibali

189 2863 265 2922 dixit
276 2864 376 2939 plirr'os
386 2874 508 2940 praeter
519 2864 774 2923 consuetudinem
785 2872 918 2923 armatos
930 2869 1084 2939 apparare.
1106 2884 1119 2917 2
1123 2882 1136 2934 5

190 2967 252 3040 Qui
268 2966 427 3043 imperavit
444 2976 471 3026 ei
488 2978 520 3026 ut
545 2974 653 3026 omnes
671 2968 753 3026 loros
773 2967 894 3026 aedifici
914 2967 1088 3025 circumiret

188 3079 225 3128 ac
240 3078 370 3146 propero
386 3070 444 3129 sibi
461 3071 616 3130 nuntiaret
627 3090 700 3128 num
716 3071 825 3129 eodem
842 3071 934 3129 modo
950 3070 1086 3146 undique

222 3202 238 3251 6
263 3206 337 3268 casir,
354 3202 496 3267 sarta—8
526 3205 662 3268 conarent,
687 3205 941 3265 malmantile—10
970 3203 1086 3268 postero,

188 3293 316 3355 sequenti:
339 3288 432 3357 patres
445 3287 598 3355 conscripti,
612 3292 821 3351 andurae-14
839 3288 956 3356 dederet,
970 3288 1087 3337 traderet.
