2509 3725
455 235 662 285 HANumAL.
696 251 720 297 4,
735 248 758 302 5·
1022 234 1056 285 69

158 402 303 480 Scipione
334 405 461 463 consule
492 423 623 480 eumque
655 404 823 480 pepulerat.
883 405 961 462 Cum
994 402 1055 462 hoc

156 508 265 566 eodem
289 507 420 566 Clastidi
442 507 524 583 apud
548 507 666 565 Padum
691 506 830 564 decernit
854 505 1054 581 sauciumque

121 619 139 669 2
156 610 228 669 inde
247 619 284 668 ac
301 611 442 686 iugatum
458 609 593 669 dimittit.
638 609 744 667 Tertio
762 609 844 667 idem
864 608 968 684 Scipio
984 627 1053 666 cum

157 714 286 790 conlega
298 713 424 772 Tiberio
441 715 550 789 Longo
567 712 650 788 apud
659 711 805 770 Trebiam
821 711 968 769 adversus
984 730 1054 769 eum

156 816 248 875 venit.
294 818 372 876 Cum
391 815 429 875 iis
447 835 571 874 manum
591 815 765 887 conseruit3
788 822 936 891 utrosque
954 814 1054 890 profli-
1089 828 1103 881 5

155 920 248 996 gavit.
308 919 386 978 Inde
419 939 474 996 per
507 919 636 996 Ligures
669 921 890 994 Appenninum
922 917 1051 990 transiit,
1089 957 1094 963 -

122 1029 265 1098 3petrins
292 1022 452 1082 Etruriam.
507 1024 579 1082 Hoc
603 1021 712 1080 itinere
736 1021 815 1080 adeo
837 1030 922 1098 gravi
945 1021 1053 1079 morbo

157 1124 297 1184 adficitur
309 1126 466 1185 oculorum
479 1134 512 1184 ut
524 1132 634 1202 postea
650 1143 816 1200 numquam
832 1124 940 1183 dextro
956 1131 1052 1200 aeque

155 1229 235 1287 bene
254 1238 327 1288 risus
346 1229 394 1288 sit.
440 1229 510 1302 Qua
529 1228 705 1287 valetudine
724 1246 793 1286 cum
811 1227 971 1285 etiamtum
988 1246 1054 1303 pre-

156 1339 289 1390 meretur
304 1333 474 1408 lecticaque
490 1332 629 1404 ferretur,
645 1333 680 1390 C.
695 1330 879 1389 Flaminium
895 1330 1052 1390 consulem
1074 1349 1103 1383 10

157 1435 238 1510 apud
265 1437 489 1493 Trasumenum
516 1454 584 1494 cum
614 1433 748 1493 exercitii
778 1433 899 1493 insidiis
929 1434 1053 1492 circum·

156 1548 280 1597 ventum
306 1537 428 1610 occidit,
457 1557 557 1615 neque
586 1538 684 1597 multo
710 1546 781 1614 post
808 1538 843 1596 C.
868 1537 1053 1596 Centenium

156 1649 327 1718 praetorem
354 1661 422 1700 curn
448 1642 569 1701 delecta
598 1650 691 1699 manu
716 1642 812 1700 saltus
839 1650 1051 1716 occupantem.

121 1757 138 1806 4
158 1745 241 1822 Hinc
265 1745 296 1802 in
320 1738 463 1821 {lpuliam
487 1745 636 1821 pervenit.
693 1744 741 1804 Ibi
765 1745 887 1804 obviam
914 1754 942 1802 ei
965 1751 1053 1802 vene·

155 1857 226 1908 runt
251 1849 312 1907 duo
338 1849 491 1922 consules
521 1850 556 1909 C.
583 1848 748 1908 Terentius
775 1857 806 1908 et
832 1851 866 1908 L.
892 1847 1050 1907 Aemilius.
1073 1871 1102 1923 15

156 1953 325 2029 Utriusque
354 1952 505 2011 exercitiis
535 1959 596 2011 uno
625 1952 744 2028 proelio
772 1952 898 2029 fugivit,
925 1952 1053 2010 Paulum

156 2055 314 2115 consulem
330 2055 443 2114 occidit
461 2065 493 2114 et
511 2056 628 2132 aliquot
644 2064 802 2132 praeterea
817 2056 1004 2127 cumulares,
1021 2054 1052 2112 in

155 2159 192 2217 iis
209 2161 266 2218 Cn.
286 2158 445 2217 Servilium
461 2158 636 2232 Geminum,
653 2168 705 2234 qui
720 2159 878 2235 superiore
894 2166 976 2218 anno
990 2158 1054 2217 fue-

155 2271 201 2321 rat
216 2262 334 2321 consul.

155 2469 329 2528 resistente.
375 2472 410 2527 ln
439 2478 620 2553 propinquis
645 2470 713 2528 urbi
738 2470 894 2529 montibus
918 2479 1053 2530 moritus

155 2582 211 2631 est.
271 2574 350 2631 Cum
381 2571 499 2647 aliquot
528 2572 570 2630 ibi
602 2572 669 2631 dies
700 2583 802 2631 castra
832 2573 992 2632 habuisset
1022 2583 1054 2633 et

156 2677 295 2752 Capuam
313 2651 523 2747 revirteretun
544 2676 582 2749 Q.
604 2675 719 2734 Fabius
738 2676 902 2748 Maximus,
922 2677 1054 2735 dictator

120 2788 138 2838 2
157 2780 324 2850 Romanus,
342 2778 373 2835 in
390 2785 463 2855 agro
481 2778 612 2838 Falerno
631 2788 659 2837 ei
678 2786 711 2837 se
727 2779 850 2838 obiicit.
897 2782 958 2837 Hic
974 2780 1054 2837 clau-

150 2868 208 2940 sus
232 2882 368 2940 locorum
391 2881 542 2958 angustiis
567 2891 661 2940 noctu
687 2881 753 2940 sine
781 2882 842 2941 ullo
868 2882 1053 2941 detrimento
1073 2903 1104 2954 25

155 2984 305 3043 exercitiis
329 2992 361 3043 se
385 2984 540 3060 expedivit
557 2984 724 3061 Fabioque,
742 2984 942 3044 callidissimo
962 2985 1054 3061 impe·

196 3149 210 3183 2
229 3137 356 3201 dicernit,
371 3138 480 3185 dr'mt'cat
488 3153 499 3194 ,¹
520 3137 652 3202 saucium,
665 3140 833 3185 volnera'tum.
843 3167 876 3173 —
887 3152 916 3186 10
929 3140 1053 3202 ferretur,

153 3221 336 3269 veher2tu7.-
345 3234 374 3283 13
392 3220 490 3284 saltt'ls,
503 3223 637 3282 angustias
652 3223 862 3269 montium—21
884 3222 1053 3286 propinqu18,

152 3303 291 3369 sr'm'tt'mis.
303 3331 332 3337 —
340 3302 373 3352 26
387 3303 575 3368 callidissimi,
590 3306 754 3366 peritissima.
