2509 3725
207 215 239 272 ro
506 215 713 268 naumann.
748 216 806 286 5‚s.

205 394 307 460 reteri,
335 387 421 446 dedit
447 387 549 446 verba.
596 389 738 464 Namque
765 388 901 447 obducte
926 396 1017 446 nocte
1044 404 1105 446 sar-

206 500 310 548 menta
340 489 371 546 in
401 489 545 548 cornibus
575 489 772 549 iuvencorum
802 490 936 567 deligata
966 489 1104 548 incendit

206 592 334 668 eiusque
356 591 478 668 generis
502 591 729 651 multitudinem
754 600 897 668 megnam
920 591 1103 668 dispeletam

206 694 339 753 immisit.
386 695 456 768 Que
475 702 637 770 repentino
654 694 776 753 obiecto
792 703 859 753 visu
874 703 994 752 tantum
1012 702 1104 753 terre

204 816 268 855 rem
291 797 395 856 iniecit
417 798 563 856 exercitui
589 799 800 857 Remenerum
821 806 855 856 ut
886 797 991 874 egredi
1017 806 1103 857 extre
1139 814 1152 866 5

171 900 317 964 avellum
341 908 432 960 nemo
459 901 499 960 sit
525 919 630 960 ausus.
665 903 777 959 «Hanc
800 910 873 977 post
896 919 959 958 rem
983 909 1103 977 gestam

205 1003 325 1062 nonita
346 1004 448 1062 multis
471 1003 581 1063 diebus
605 1005 649 1064 M.
667 985 838 1062 Minucium
864 1004 987 1075 Rufum,
1011 1003 1103 1080 magi-

205 1117 301 1165 strum
316 1105 453 1183 equitum
469 1116 534 1182 pari
549 1115 586 1165 ec
601 1107 783 1167 dicteterem
798 1106 934 1182 imperio,
948 1106 1021 1166 dole
1036 1114 1102 1182 pre

205 1209 330 1268 ductum
343 1210 373 1267 in
386 1208 535 1286 proelium
547 1209 674 1287 fugavit.
718 1209 876 1269 Tiberium
888 1209 1102 1285 Sempronium

205 1314 387 1385 Gracchum,
404 1313 513 1372 iterum
536 1314 705 1387 consulem,
724 1314 756 1372 in
778 1317 911 1373 Lucenis
934 1313 1048 1372 absens
1070 1313 1101 1371 in
1122 1335 1152 1371 10

205 1416 333 1475 insidies
355 1416 515 1475 inductum
538 1417 672 1477 sustulit.
717 1418 761 1476 M.
785 1417 949 1477 Claudium
973 1416 1101 1475 Mercel-

205 1519 275 1591 lum,
289 1519 454 1596 quinquies
466 1520 634 1593 consulem,
648 1522 731 1597 apud
742 1521 911 1580 Venusiam
926 1530 992 1598 pari
1008 1522 1101 1579 modo

170 1623 365 1682 ¹iinterfecit.
415 1626 555 1700 Longum
578 1633 626 1682 est
648 1624 752 1682 omnia
773 1631 952 1684 enumerere
974 1623 1099 1700 proelia.

204 1726 307 1799 Quere
326 1726 386 1785 hec
404 1735 496 1785 imum
516 1726 591 1786 satis
610 1726 668 1786 erit
686 1727 811 1800 dictum,
828 1747 866 1788 ex
884 1735 945 1805 quo
964 1727 1100 1803 intellegi

203 1831 303 1908 possit
318 1843 451 1911 quantus
474 1833 524 1893 ille
546 1832 656 1894 fuerit:
690 1833 836 1911 quamdiu
860 1833 890 1891 in
917 1826 1007 1893 italie
1031 1831 1098 1905 fuit,
1121 1852 1150 1906 15
1250 1865 1251 1886 t

204 1942 295 1995 neme
317 1946 346 1995 ei
368 1936 399 1994 in
422 1937 488 1996 acie
510 1936 631 2011 restitit,
654 1944 744 1996 neme
767 1938 914 1996 adversus
936 1955 1007 1995 eum
1029 1944 1100 2012 post

205 2039 401 2099 Cannensem
417 2049 550 2116 pirgnam
566 2040 597 2097 in
614 2048 724 2117 campo
739 2049 839 2099 castra
854 2039 966 2116 posuit.

168 2148 191 2208 6
247 2142 331 2201 Hinc
347 2143 479 2202 invictus
492 2143 621 2219 patriam
634 2143 795 2202 defensum
808 2152 970 2203 revocetus
985 2142 1099 2202 bellum

203 2244 300 2321 gessit
318 2245 465 2305 adversus
483 2247 514 2304 P.
535 2246 722 2323 Scipionem,
738 2246 836 2304 filium
857 2246 923 2305 eius
945 2245 1099 2322 Scipionis

204 2366 293 2422 quem
324 2347 389 2423 ipse
419 2356 517 2424 primo
535 2350 629 2425 apud
657 2350 852 2421 Rhodanum,
878 2348 987 2407 iterum
1017 2349 1099 2425 apud
1118 2371 1150 2405 20

169 2451 331 2523 2Padum,
357 2451 448 2510 tertio
474 2453 556 2528 apud
581 2452 727 2511 Trebiam
752 2453 881 2529 fugerat.
936 2454 1014 2511 Cum
1039 2452 1099 2510 hec

202 2554 362 2614 exhaustis
386 2553 446 2613 iam
470 2555 588 2631 patriae
610 2555 810 2614 facultatibus
834 2555 949 2631 cupivit
973 2554 1099 2631 imprae-

202 2658 369 2717 sentiarum
390 2659 504 2718 bellum
525 2666 720 2735 componere,
739 2666 800 2734 que
820 2648 971 2717 valentior
990 2666 1100 2735 postee

202 2764 447 2840 congrederetur.
501 2764 537 2820 In
556 2761 756 2838 conloquium
778 2761 943 2820 convenit:
967 2760 1100 2820 condici-

168 2874 279 2929 3enes
309 2875 370 2926 nen
401 2872 618 2925 convenerunt.
681 2867 757 2924 Post
785 2864 818 2923 id
845 2865 963 2923 factum
992 2873 1099 2941 paucis
1118 2884 1149 2936 25

202 2969 312 3028 diebus
335 2970 416 3046 apud
439 2972 561 3027 Zamam
585 2988 653 3028 cum
677 2969 786 3027 eodem
810 2968 965 3039 conflixit3
992 2968 1099 3043 pulsus

244 3133 258 3186 5
282 3122 382 3187 egredi,
402 3120 542 3170 exirm-8
567 3122 637 3186 pari,
657 3122 830 3185 eedem-13
854 3122 1018 3186 enumerire,
1038 3136 1100 3167 com-

200 3211 430 3254 memorare-22
449 3204 639 3270 incultitibus,
658 3207 753 3268 capitu
787 3204 1051 3269 impraesentierum,
1069 3205 1099 3251 in

203 3291 360 3352 praesentiri.
