2509 3725
402 786 789 872 THEMlSlOCLES.

108 1026 130 1085 1
188 1018 448 1090 Tuuursrocuas
467 1018 578 1077 Neocli
592 1018 686 1091 tilius,
703 1018 912 1078 Atheniensis.
942 1018 1044 1079 Huius

146 1121 222 1180 vitia
238 1119 372 1180 ineuntis
392 1121 621 1180 adulescentiae
645 1130 764 1199 magnis
787 1131 859 1180 sunt
880 1123 1045 1181 amendata

147 1223 321 1297 virtutibus
345 1225 424 1285 adea
450 1234 483 1282 ut
512 1224 702 1283 anteferatur
731 1223 801 1282 huic
831 1231 930 1296 uerna,
954 1234 1045 1301 pauci

112 1338 130 1388 2
148 1334 238 1405 paras
253 1308 408 1404 putentur.
438 1327 499 1387 Sed
515 1327 554 1385 ab
570 1325 659 1385 initia
675 1335 723 1385 est
737 1326 929 1387 ardiendunr.
955 1331 1046 1388 Pater

148 1431 214 1491 aius
231 1432 365 1491 Neoclas
380 1430 631 1508 generasusfuit.
660 1432 692 1489 Is
708 1437 833 1489 uxarenr
850 1434 1045 1491 Acarnanam
1084 1455 1097 1508 5

148 1543 247 1593 civem
269 1533 364 1607 duxit,
381 1553 419 1593 ex
441 1542 502 1611 qua
525 1542 616 1592 natus
637 1543 685 1592 est
704 1533 939 1594 Themistoclas.
984 1536 1046 1608 Qui

142 1652 219 1697 'curn
234 1636 336 1695 minus
352 1647 435 1696 esset
453 1637 602 1713 probatus
623 1637 813 1713 parentibus,
831 1638 914 1715 quod
929 1648 960 1697 et
975 1639 1047 1696 libe-

149 1740 212 1803 rius
231 1740 355 1799 vivabat
375 1749 406 1799 et
425 1758 489 1799 rern
511 1738 694 1798 familiarem
717 1741 910 1817 neglegabat,
927 1749 945 1800 a
960 1751 1047 1818 patre

113 1852 131 1904 3
149 1844 355 1904 exharadatus
377 1852 433 1903 est.
479 1843 568 1918 Quae
583 1843 770 1902 contumelia
785 1852 847 1904 nan
862 1845 952 1922 {ragit
967 1864 1046 1915 eum,

150 1948 206 2008 sed
240 1947 343 2007 araxit.
396 1950 476 2007 Nam
514 1965 584 2005 curn
621 1945 790 2006 iadicasset
826 1948 892 2007 sine
928 1957 1048 2007 summa
1069 1975 1098 2008 ιο

150 2050 302 2110 industria
318 2058 379 2110 nan
397 2069 490 2127 posse
506 2069 574 2108 earn
590 2050 753 2126 exstingui,
767 2058 864 2109 tatum
881 2058 914 2109 sa
929 2051 1048 2110 dedidit

150 2163 194 2213 rei
215 2153 367 2230 publicae,
385 2153 564 2230 diligentius
588 2162 695 2211 amicis
717 2153 879 2228 famaeque
900 2155 1046 2213 servians.

152 2257 285 2316 Multum
298 2257 329 2315 in
342 2255 464 2315 iudiciis
480 2265 608 2332 privatis
625 2257 812 2328 versabatur,
823 2276 916 2332 saepe
932 2257 963 2314 in
979 2266 1049 2317 can-

150 2360 268 2420 tianem
291 2360 396 2436 populi
420 2357 583 2436 pradibat3
612 2359 696 2418 nalla
722 2367 769 2418 ras
796 2360 893 2418 maior
918 2360 985 2419 sine
1012 2369 1049 2420 ea

150 2464 323 2541 gerebatur,
334 2462 473 2522 celeriter
486 2482 564 2539 quae
577 2482 655 2539 opus
668 2471 754 2521 erant
767 2463 947 2538 reperiebat,
958 2464 1049 2522 facile
1070 2488 1099 2540 15

115 2575 134 2624 4
152 2566 261 2626 eadem
277 2566 416 2625 aratiane
433 2566 616 2642 explicabat.
663 2567 772 2640 Neque
795 2566 896 2624 minus
912 2566 942 2623 in
958 2567 1050 2625 rabus

152 2669 295 2746 gerendis
317 2677 477 2745 pramptus
493 2687 586 2744 quarn
601 2668 814 2745 excagitandts
830 2679 903 2741 erat,
921 2671 1004 2745 quod
1020 2679 1051 2728 et

153 2774 191 2831 da
214 2772 410 2844 instantibus,
434 2782 467 2830 ut
493 2771 535 2829 ait
559 2771 769 2849 Thucydidas
793 2771 950 2831 verissima
977 2772 1051 2831 iudi-

152 2875 245 2934 cabat
266 2884 297 2934 et
319 2876 358 2933 da
380 2875 489 2934 futuris
523 2873 722 2932 callidissima
752 2873 934 2934 coniciebat.
979 2875 1051 2949 Qua

152 2977 269 3037 facturn
285 2987 332 3036 est
349 2987 381 3036 ut
396 2978 482 3036 brevi
497 2986 636 3051 tempore
652 2977 873 3036 inlustraretur.
1071 3009 1102 3042 20

196 3165 209 3199 2
233 3151 387 3215 amendata,
411 3155 594 3208 carrada-4
618 3151 759 3214 putentur,
783 3153 963 3199 existimentur
969 3169 981 3209 ‚¹
1010 3155 1053 3204 est

153 3234 320 3298 firdiendum,
347 3240 383 3281 est
407 3233 634 3294 r'ncrpiendum.—
645 3245 658 3297 5
685 3235 804 3297 uxt‘trem,
831 3236 1053 3297 coniugem—10

152 3317 310 3381 ifidicisuet,
322 3317 443 3363 sensisset.
453 3344 487 3352 —
499 3330 524 3363 11
541 3315 686 3380 industrii,
698 3317 839 3379 diligentia.
