<?xml version="1.0" encoding="UTF-8"?>
<!DOCTYPE html PUBLIC "-//W3C//DTD XHTML 1.0 Transitional//EN"
    "http://www.w3.org/TR/xhtml1/DTD/xhtml1-transitional.dtd">
<html xmlns="http://www.w3.org/1999/xhtml" xml:lang="en" lang="en">
 <head>
  <title>
</title>
<meta http-equiv="Content-Type" content="text/html;charset=utf-8" />
  <meta name='ocr-system' content='tesseract 3.04.00' />
  <meta name='ocr-capabilities' content='ocr_page ocr_carea ocr_par ocr_line ocrx_word'/>
</head>
<body>
  <div class='ocr_page' id='page_1' title='image "./selectedlivesfr02nepogoog_0054.png"; bbox 0 0 2509 3725; ppageno 0'>
   <div class='ocr_carea' id='block_1_1' title="bbox 197 215 763 281">
    <p class='ocr_par' dir='ltr' id='par_1_1' title="bbox 197 215 763 281">
     <span class='ocr_line' id='line_1_1' title="bbox 197 215 763 281; baseline 0.007 -19"><span class='ocrx_word' id='word_1_1' title='bbox 197 215 230 262; x_wconf 81' lang='lat'>28</span> <span class='ocrx_word' id='word_1_2' title='bbox 538 217 669 265; x_wconf 79' lang='lat' dir='ltr'>cimon.</span> <span class='ocrx_word' id='word_1_3' title='bbox 706 215 728 281; x_wconf 72' lang='lat'>3¹,</span> <span class='ocrx_word' id='word_1_4' title='bbox 741 233 763 278; x_wconf 84' lang='lat'>4.</span> 
     </span>
    </p>
   </div>
   <div class='ocr_carea' id='block_1_2' title="bbox 158 380 1146 2940">
    <p class='ocr_par' dir='ltr' id='par_1_2' title="bbox 158 380 1096 771">
     <span class='ocr_line' id='line_1_2' title="bbox 158 380 1096 455; baseline 0.009 -15"><span class='ocrx_word' id='word_1_5' title='bbox 158 380 181 440; x_wconf 88' lang='grc'>3</span> <span class='ocrx_word' id='word_1_6' title='bbox 239 382 360 455; x_wconf 87' lang='lat' dir='ltr'>Quibus</span> <span class='ocrx_word' id='word_1_7' title='bbox 375 384 467 443; x_wconf 89' lang='lat' dir='ltr'>rebus</span> <span class='ocrx_word' id='word_1_8' title='bbox 483 403 552 442; x_wconf 91' lang='lat' dir='ltr'>cum</span> <span class='ocrx_word' id='word_1_9' title='bbox 569 395 648 444; x_wconf 80' lang='lat' dir='ltr'>unus</span> <span class='ocrx_word' id='word_1_10' title='bbox 664 386 695 443; x_wconf 92' lang='lat' dir='ltr'>in</span> <span class='ocrx_word' id='word_1_11' title='bbox 712 386 835 445; x_wconf 77' lang='lat' dir='ltr'>civitete</span> <span class='ocrx_word' id='word_1_12' title='bbox 860 386 990 447; x_wconf 78' lang='lat' dir='ltr'>menime</span> <span class='ocrx_word' id='word_1_13' title='bbox 1010 388 1096 448; x_wconf 83' lang='lat' dir='ltr'>flore-</span> 
     </span>
     <span class='ocr_line' id='line_1_3' title="bbox 197 485 1095 567; baseline 0.012 -26"><span class='ocrx_word' id='word_1_14' title='bbox 197 495 250 557; x_wconf 91' lang='lat' dir='ltr'>ret,</span> <span class='ocrx_word' id='word_1_15' title='bbox 271 485 379 545; x_wconf 86' lang='lat' dir='ltr'>incidit</span> <span class='ocrx_word' id='word_1_16' title='bbox 401 487 432 545; x_wconf 93' lang='lat' dir='ltr'>in</span> <span class='ocrx_word' id='word_1_17' title='bbox 460 489 591 546; x_wconf 88' lang='lat' dir='ltr'>eandem</span> <span class='ocrx_word' id='word_1_18' title='bbox 617 488 764 547; x_wconf 89' lang='lat' dir='ltr'>invidiam</span> <span class='ocrx_word' id='word_1_19' title='bbox 791 509 881 564; x_wconf 87' lang='lat' dir='ltr'>quam</span> <span class='ocrx_word' id='word_1_20' title='bbox 907 502 995 567; x_wconf 86' lang='lat' dir='ltr'>pater</span> <span class='ocrx_word' id='word_1_21' title='bbox 1021 511 1095 552; x_wconf 90' lang='lat' dir='ltr'>suus</span> 
     </span>
     <span class='ocr_line' id='line_1_4' title="bbox 197 591 1095 669; baseline 0.009 -23"><span class='ocrx_word' id='word_1_22' title='bbox 197 596 351 664; x_wconf 85' lang='lat' dir='ltr'>ceterique</span> <span class='ocrx_word' id='word_1_23' title='bbox 379 591 615 649; x_wconf 89' lang='lat' dir='ltr'>Atheniensium</span> <span class='ocrx_word' id='word_1_24' title='bbox 642 592 817 669; x_wconf 90' lang='lat' dir='ltr'>principes:</span> <span class='ocrx_word' id='word_1_25' title='bbox 849 612 920 651; x_wconf 88' lang='lat' dir='ltr'>nam</span> <span class='ocrx_word' id='word_1_26' title='bbox 946 603 1095 654; x_wconf 76' lang='lat' dir='ltr'>testerum</span> 
     </span>
     <span class='ocr_line' id='line_1_5' title="bbox 197 692 1094 771; baseline 0.01 -22"><span class='ocrx_word' id='word_1_27' title='bbox 197 692 360 769; x_wconf 63' lang='lat' dir='ltr'>suffragiis,</span> <span class='ocrx_word' id='word_1_28' title='bbox 375 696 459 769; x_wconf 94' lang='lat' dir='ltr'>quod</span> <span class='ocrx_word' id='word_1_29' title='bbox 475 694 518 752; x_wconf 90' lang='lat' dir='ltr'>illi</span> <span class='ocrx_word' id='word_1_30' title='bbox 533 695 729 771; x_wconf 83' lang='grc' dir='ltr'>ὀστρακισμόν</span> <span class='ocrx_word' id='word_1_31' title='bbox 740 706 861 768; x_wconf 85' lang='lat' dir='ltr'>vocant,</span> <span class='ocrx_word' id='word_1_32' title='bbox 878 696 986 755; x_wconf 88' lang='lat' dir='ltr'>decem</span> <span class='ocrx_word' id='word_1_33' title='bbox 1002 706 1094 758; x_wconf 71' lang='lat' dir='ltr'>anne</span> 
     </span>
    </p>

    <p class='ocr_par' dir='ltr' id='par_1_3' title="bbox 162 793 1145 1282">
     <span class='ocr_line' id='line_1_6' title="bbox 162 793 1145 869; baseline 0.008 -18"><span class='ocrx_word' id='word_1_34' title='bbox 162 793 179 844; x_wconf 85' lang='lat'>2</span> <span class='ocrx_word' id='word_1_35' title='bbox 196 814 262 852; x_wconf 91' lang='lat' dir='ltr'>rum</span> <span class='ocrx_word' id='word_1_36' title='bbox 275 796 383 855; x_wconf 71' lang='lat' dir='ltr'>exsilis)</span> <span class='ocrx_word' id='word_1_37' title='bbox 396 798 542 855; x_wconf 77' lang='lat' dir='ltr'>multatus</span> <span class='ocrx_word' id='word_1_38' title='bbox 552 808 608 857; x_wconf 87' lang='lat' dir='ltr'>est.</span> <span class='ocrx_word' id='word_1_39' title='bbox 637 798 731 857; x_wconf 76' lang='lat' dir='ltr'>Citius</span> <span class='ocrx_word' id='word_1_40' title='bbox 743 799 818 857; x_wconf 81' lang='lat' dir='ltr'>facti</span> <span class='ocrx_word' id='word_1_41' title='bbox 829 798 959 857; x_wconf 90' lang='lat' dir='ltr'>celerius</span> <span class='ocrx_word' id='word_1_42' title='bbox 969 801 1094 859; x_wconf 87' lang='lat' dir='ltr'>Atheni·</span> <span class='ocrx_word' id='word_1_43' title='bbox 1132 818 1145 869; x_wconf 81' lang='grc'>5</span> 
     </span>
     <span class='ocr_line' id='line_1_7' title="bbox 197 900 1094 977; baseline 0.01 -22"><span class='ocrx_word' id='word_1_44' title='bbox 197 906 287 957; x_wconf 89' lang='lat' dir='ltr'>enses</span> <span class='ocrx_word' id='word_1_45' title='bbox 303 918 395 975; x_wconf 92' lang='lat' dir='ltr'>quam</span> <span class='ocrx_word' id='word_1_46' title='bbox 412 900 513 976; x_wconf 92' lang='lat' dir='ltr'>ipsum</span> <span class='ocrx_word' id='word_1_47' title='bbox 529 900 688 977; x_wconf 90' lang='lat' dir='ltr'>paenituit.</span> <span class='ocrx_word' id='word_1_48' title='bbox 735 904 816 959; x_wconf 89' lang='lat' dir='ltr'>Nam</span> <span class='ocrx_word' id='word_1_49' title='bbox 831 921 901 960; x_wconf 90' lang='lat' dir='ltr'>cum</span> <span class='ocrx_word' id='word_1_50' title='bbox 919 903 969 961; x_wconf 91' lang='lat' dir='ltr'>ille</span> <span class='ocrx_word' id='word_1_51' title='bbox 990 904 1094 964; x_wconf 76' lang='lat' dir='ltr'>animi)</span> 
     </span>
     <span class='ocr_line' id='line_1_8' title="bbox 196 1001 1094 1084; baseline 0.01 -26"><span class='ocrx_word' id='word_1_52' title='bbox 196 1002 268 1060; x_wconf 86' lang='lat' dir='ltr'>forti</span> <span class='ocrx_word' id='word_1_53' title='bbox 284 1001 418 1061; x_wconf 90' lang='lat' dir='ltr'>invidiae</span> <span class='ocrx_word' id='word_1_54' title='bbox 435 1003 623 1080; x_wconf 72' lang='lat' dir='ltr'>ingretdrum</span> <span class='ocrx_word' id='word_1_55' title='bbox 635 1004 747 1062; x_wconf 91' lang='lat' dir='ltr'>civium</span> <span class='ocrx_word' id='word_1_56' title='bbox 759 1004 905 1064; x_wconf 87' lang='lat' dir='ltr'>cessisset</span> <span class='ocrx_word' id='word_1_57' title='bbox 916 1006 1094 1084; x_wconf 86' lang='lat' dir='ltr'>bellumque</span> 
     </span>
     <span class='ocr_line' id='line_1_9' title="bbox 197 1106 1094 1180; baseline 0.008 -17"><span class='ocrx_word' id='word_1_58' title='bbox 197 1106 438 1164; x_wconf 85' lang='lat' dir='ltr'>Lacedaemonii</span> <span class='ocrx_word' id='word_1_59' title='bbox 453 1106 698 1165; x_wconf 61' lang='lat' dir='ltr'>Atheniensibus</span> <span class='ocrx_word' id='word_1_60' title='bbox 720 1108 913 1180; x_wconf 83' lang='lat' dir='ltr'>indixissent,</span> <span class='ocrx_word' id='word_1_61' title='bbox 930 1111 1094 1170; x_wconf 77' lang='lat' dir='ltr'>censestim</span> 
     </span>
     <span class='ocr_line' id='line_1_10' title="bbox 197 1208 1092 1282; baseline 0.008 -15"><span class='ocrx_word' id='word_1_62' title='bbox 197 1216 288 1267; x_wconf 80' lang='lat' dir='ltr'>notae</span> <span class='ocrx_word' id='word_1_63' title='bbox 325 1208 391 1268; x_wconf 90' lang='lat' dir='ltr'>eius</span> <span class='ocrx_word' id='word_1_64' title='bbox 421 1209 541 1268; x_wconf 82' lang='lat' dir='ltr'>virtutis</span> <span class='ocrx_word' id='word_1_65' title='bbox 578 1209 764 1269; x_wconf 90' lang='lat' dir='ltr'>desiderium</span> <span class='ocrx_word' id='word_1_66' title='bbox 800 1218 1000 1282; x_wconf 77' lang='lat' dir='ltr'>censecutum</span> <span class='ocrx_word' id='word_1_67' title='bbox 1036 1224 1092 1273; x_wconf 91' lang='lat' dir='ltr'>est.</span> 
     </span>
    </p>

    <p class='ocr_par' dir='ltr' id='par_1_4' title="bbox 163 1308 1145 1803">
     <span class='ocr_line' id='line_1_11' title="bbox 163 1308 1145 1390; baseline 0.006 -21"><span class='ocrx_word' id='word_1_68' title='bbox 163 1308 180 1357; x_wconf 88' lang='grc'><strong>3</strong></span> <span class='ocrx_word' id='word_1_69' title='bbox 199 1315 307 1388; x_wconf 84' lang='lat' dir='ltr'>Itaque</span> <span class='ocrx_word' id='word_1_70' title='bbox 323 1322 394 1388; x_wconf 94' lang='lat' dir='ltr'>post</span> <span class='ocrx_word' id='word_1_71' title='bbox 410 1332 524 1370; x_wconf 87' lang='lat' dir='ltr'>annum</span> <span class='ocrx_word' id='word_1_72' title='bbox 541 1322 691 1389; x_wconf 91' lang='lat' dir='ltr'>quintum,</span> <span class='ocrx_word' id='word_1_73' title='bbox 704 1332 796 1389; x_wconf 88' lang='lat' dir='ltr'>quam</span> <span class='ocrx_word' id='word_1_74' title='bbox 812 1314 959 1390; x_wconf 80' lang='lat' dir='ltr'>expulsus</span> <span class='ocrx_word' id='word_1_75' title='bbox 974 1326 1048 1389; x_wconf 89' lang='lat' dir='ltr'>erat,</span> <span class='ocrx_word' id='word_1_76' title='bbox 1062 1317 1094 1376; x_wconf 93' lang='lat' dir='ltr'>in</span> <span class='ocrx_word' id='word_1_77' title='bbox 1115 1340 1145 1375; x_wconf 90' lang='lat'>10</span> 
     </span>
     <span class='ocr_line' id='line_1_12' title="bbox 196 1415 1094 1493; baseline 0.008 -21"><span class='ocrx_word' id='word_1_78' title='bbox 196 1416 326 1493; x_wconf 89' lang='lat' dir='ltr'>patriam</span> <span class='ocrx_word' id='word_1_79' title='bbox 342 1424 503 1473; x_wconf 77' lang='lat' dir='ltr'>revocetus</span> <span class='ocrx_word' id='word_1_80' title='bbox 519 1424 575 1473; x_wconf 91' lang='lat' dir='ltr'>est.</span> <span class='ocrx_word' id='word_1_81' title='bbox 615 1415 682 1488; x_wconf 87' lang='lat' dir='ltr'>Ille,</span> <span class='ocrx_word' id='word_1_82' title='bbox 695 1416 779 1491; x_wconf 90' lang='lat' dir='ltr'>quod</span> <span class='ocrx_word' id='word_1_83' title='bbox 791 1417 929 1493; x_wconf 72' lang='lat' dir='ltr'>hospitis&gt;</span> <span class='ocrx_word' id='word_1_84' title='bbox 942 1420 1094 1479; x_wconf 91' lang='lat' dir='ltr'>Lacedae·</span> 
     </span>
     <span class='ocr_line' id='line_1_13' title="bbox 198 1518 1094 1599; baseline 0.007 -23"><span class='ocrx_word' id='word_1_85' title='bbox 198 1519 369 1577; x_wconf 76' lang='lat' dir='ltr'>monierum</span> <span class='ocrx_word' id='word_1_86' title='bbox 385 1519 535 1591; x_wconf 77' lang='lat' dir='ltr'>utebatur,</span> <span class='ocrx_word' id='word_1_87' title='bbox 551 1518 648 1577; x_wconf 87' lang='lat' dir='ltr'>satius</span> <span class='ocrx_word' id='word_1_88' title='bbox 663 1518 842 1579; x_wconf 74' lang='lat' dir='ltr'>existimeris</span> <span class='ocrx_word' id='word_1_89' title='bbox 854 1523 1094 1599; x_wconf 71' lang='lat' dir='ltr'>concederequam</span> 
     </span>
     <span class='ocr_line' id='line_1_14' title="bbox 197 1622 1094 1702; baseline 0.008 -23"><span class='ocrx_word' id='word_1_90' title='bbox 197 1633 290 1679; x_wconf 79' lang='lat' dir='ltr'>armis</span> <span class='ocrx_word' id='word_1_91' title='bbox 312 1623 508 1693; x_wconf 87' lang='lat' dir='ltr'>contendere,</span> <span class='ocrx_word' id='word_1_92' title='bbox 533 1622 800 1681; x_wconf 88' lang='lat' dir='ltr'>Lacedaemonem</span> <span class='ocrx_word' id='word_1_93' title='bbox 824 1633 880 1683; x_wconf 75' lang='lat' dir='ltr'>sue</span> <span class='ocrx_word' id='word_1_94' title='bbox 906 1636 1016 1702; x_wconf 90' lang='lat' dir='ltr'>sponte</span> <span class='ocrx_word' id='word_1_95' title='bbox 1046 1636 1094 1686; x_wconf 91' lang='lat' dir='ltr'>est</span> 
     </span>
     <span class='ocr_line' id='line_1_15' title="bbox 196 1724 1094 1803; baseline 0.008 -21"><span class='ocrx_word' id='word_1_96' title='bbox 196 1726 353 1802; x_wconf 82' lang='lat' dir='ltr'>profectus</span> <span class='ocrx_word' id='word_1_97' title='bbox 365 1734 537 1802; x_wconf 67' lang='lat' dir='ltr'>picemque</span> <span class='ocrx_word' id='word_1_98' title='bbox 553 1724 632 1783; x_wconf 90' lang='lat' dir='ltr'>inter</span> <span class='ocrx_word' id='word_1_99' title='bbox 647 1726 725 1784; x_wconf 76' lang='lat' dir='ltr'>dues</span> <span class='ocrx_word' id='word_1_100' title='bbox 741 1727 973 1803; x_wconf 72' lang='lat' dir='ltr'>potentissimis</span> <span class='ocrx_word' id='word_1_101' title='bbox 991 1730 1094 1789; x_wconf 74' lang='lat' dir='ltr'>civite·</span> 
     </span>
    </p>

    <p class='ocr_par' dir='ltr' id='par_1_5' title="bbox 163 1828 1146 2225">
     <span class='ocr_line' id='line_1_16' title="bbox 163 1828 1146 1909; baseline 0.005 -22"><span class='ocrx_word' id='word_1_102' title='bbox 163 1832 180 1882; x_wconf 86' lang='lat'>4</span> <span class='ocrx_word' id='word_1_103' title='bbox 196 1836 243 1887; x_wconf 85' lang='lat' dir='ltr'>tes</span> <span class='ocrx_word' id='word_1_104' title='bbox 259 1828 443 1888; x_wconf 65' lang='lat' dir='ltr'>conciliavit.</span> <span class='ocrx_word' id='word_1_105' title='bbox 486 1831 569 1902; x_wconf 89' lang='lat' dir='ltr'>Post,</span> <span class='ocrx_word' id='word_1_106' title='bbox 583 1847 684 1906; x_wconf 91' lang='lat' dir='ltr'>neque</span> <span class='ocrx_word' id='word_1_107' title='bbox 701 1829 743 1888; x_wconf 87' lang='lat' dir='ltr'>ita</span> <span class='ocrx_word' id='word_1_108' title='bbox 754 1831 859 1903; x_wconf 79' lang='lat' dir='ltr'>multe,</span> <span class='ocrx_word' id='word_1_109' title='bbox 874 1833 1008 1909; x_wconf 91' lang='lat' dir='ltr'>Cyprum</span> <span class='ocrx_word' id='word_1_110' title='bbox 1024 1853 1094 1892; x_wconf 92' lang='lat' dir='ltr'>cum</span> <span class='ocrx_word' id='word_1_111' title='bbox 1115 1849 1146 1902; x_wconf 81' lang='lat'>15</span> 
     </span>
     <span class='ocr_line' id='line_1_17' title="bbox 197 1928 1094 2010; baseline 0.006 -20"><span class='ocrx_word' id='word_1_112' title='bbox 197 1933 338 1991; x_wconf 89' lang='lat' dir='ltr'>ducentis</span> <span class='ocrx_word' id='word_1_113' title='bbox 354 1933 485 1992; x_wconf 71' lang='lat' dir='ltr'>nivibus</span> <span class='ocrx_word' id='word_1_114' title='bbox 502 1933 666 2010; x_wconf 75' lang='lat' dir='ltr'>imperetor</span> <span class='ocrx_word' id='word_1_115' title='bbox 682 1928 806 2006; x_wconf 92' lang='lat' dir='ltr'>missus,</span> <span class='ocrx_word' id='word_1_116' title='bbox 823 1953 893 1992; x_wconf 91' lang='lat' dir='ltr'>cum</span> <span class='ocrx_word' id='word_1_117' title='bbox 915 1936 980 1994; x_wconf 86' lang='lat' dir='ltr'>eius</span> <span class='ocrx_word' id='word_1_118' title='bbox 1002 1938 1094 1996; x_wconf 69' lang='lat' dir='ltr'>maio</span> 
     </span>
     <span class='ocr_line' id='line_1_18' title="bbox 196 2036 1093 2114; baseline 0.006 -21"><span class='ocrx_word' id='word_1_119' title='bbox 196 2056 260 2094; x_wconf 90' lang='lat' dir='ltr'>rem</span> <span class='ocrx_word' id='word_1_120' title='bbox 275 2047 393 2113; x_wconf 86' lang='lat' dir='ltr'>partem</span> <span class='ocrx_word' id='word_1_121' title='bbox 410 2038 529 2095; x_wconf 85' lang='lat' dir='ltr'>insulae</span> <span class='ocrx_word' id='word_1_122' title='bbox 545 2037 720 2108; x_wconf 79' lang='lat' dir='ltr'>devicisset,</span> <span class='ocrx_word' id='word_1_123' title='bbox 733 2036 764 2094; x_wconf 94' lang='lat' dir='ltr'>in</span> <span class='ocrx_word' id='word_1_124' title='bbox 776 2037 916 2095; x_wconf 89' lang='lat' dir='ltr'>morbum</span> <span class='ocrx_word' id='word_1_125' title='bbox 928 2038 1093 2114; x_wconf 89' lang='lat' dir='ltr'>implicitus</span> 
     </span>
     <span class='ocr_line' id='line_1_19' title="bbox 196 2140 828 2225; baseline 0.003 -29"><span class='ocrx_word' id='word_1_126' title='bbox 196 2141 226 2197; x_wconf 93' lang='lat' dir='ltr'>in</span> <span class='ocrx_word' id='word_1_127' title='bbox 243 2140 358 2217; x_wconf 79' lang='lat' dir='ltr'>oppide</span> <span class='ocrx_word' id='word_1_128' title='bbox 375 2140 457 2199; x_wconf 83' lang='lat' dir='ltr'>Citio</span> <span class='ocrx_word' id='word_1_129' title='bbox 472 2150 520 2198; x_wconf 86' lang='lat' dir='ltr'>est</span> <span class='ocrx_word' id='word_1_130' title='bbox 536 2150 682 2198; x_wconf 80' lang='lat' dir='ltr'>mortuus,</span> <span class='ocrx_word' id='word_1_131' title='bbox 825 2222 828 2225; x_wconf 20' lang='grc' dir='ltr'><strong><em>Ι</em></strong></span> 
     </span>
    </p>

    <p class='ocr_par' dir='ltr' id='par_1_6' title="bbox 160 2235 1146 2835">
     <span class='ocr_line' id='line_1_20' title="bbox 160 2235 1094 2315; baseline 0.011 -21"><span class='ocrx_word' id='word_1_132' title='bbox 160 2235 184 2294; x_wconf 84' lang='lat'><strong>4</strong></span> <span class='ocrx_word' id='word_1_133' title='bbox 244 2245 337 2301; x_wconf 91' lang='lat' dir='ltr'>Hunc</span> <span class='ocrx_word' id='word_1_134' title='bbox 353 2243 561 2302; x_wconf 84' lang='lat' dir='ltr'>Athenienses</span> <span class='ocrx_word' id='word_1_135' title='bbox 577 2251 639 2302; x_wconf 77' lang='lat' dir='ltr'>non</span> <span class='ocrx_word' id='word_1_136' title='bbox 657 2243 756 2301; x_wconf 80' lang='lat' dir='ltr'>selum</span> <span class='ocrx_word' id='word_1_137' title='bbox 772 2243 803 2299; x_wconf 93' lang='lat' dir='ltr'>in</span> <span class='ocrx_word' id='word_1_138' title='bbox 821 2243 913 2315; x_wconf 81' lang='lat' dir='ltr'>bello,</span> <span class='ocrx_word' id='word_1_139' title='bbox 930 2246 1094 2304; x_wconf 91' lang='lat' dir='ltr'>sedetiam</span> 
     </span>
     <span class='ocr_line' id='line_1_21' title="bbox 196 2345 1146 2424; baseline -0.001 -20"><span class='ocrx_word' id='word_1_140' title='bbox 196 2347 227 2404; x_wconf 91' lang='lat' dir='ltr'>in</span> <span class='ocrx_word' id='word_1_141' title='bbox 244 2357 321 2424; x_wconf 72' lang='lat' dir='ltr'>price</span> <span class='ocrx_word' id='word_1_142' title='bbox 337 2346 390 2404; x_wconf 83' lang='lat' dir='ltr'>diu</span> <span class='ocrx_word' id='word_1_143' title='bbox 405 2346 666 2404; x_wconf 64' lang='lat' dir='ltr'>desideraverunt.</span> <span class='ocrx_word' id='word_1_144' title='bbox 713 2345 783 2404; x_wconf 91' lang='lat' dir='ltr'>Fuit</span> <span class='ocrx_word' id='word_1_145' title='bbox 796 2345 877 2404; x_wconf 93' lang='lat' dir='ltr'>enim</span> <span class='ocrx_word' id='word_1_146' title='bbox 889 2356 976 2406; x_wconf 73' lang='lat' dir='ltr'>tante</span> <span class='ocrx_word' id='word_1_147' title='bbox 989 2349 1094 2408; x_wconf 78' lang='lat' dir='ltr'>liberri-</span> <span class='ocrx_word' id='word_1_148' title='bbox 1114 2370 1146 2404; x_wconf 91' lang='lat'>20</span> 
     </span>
     <span class='ocr_line' id='line_1_22' title="bbox 197 2449 1094 2527; baseline 0.004 -21"><span class='ocrx_word' id='word_1_149' title='bbox 197 2451 291 2522; x_wconf 74' lang='lat' dir='ltr'>litete,</span> <span class='ocrx_word' id='word_1_150' title='bbox 323 2469 394 2507; x_wconf 89' lang='lat' dir='ltr'>cum</span> <span class='ocrx_word' id='word_1_151' title='bbox 423 2449 631 2525; x_wconf 81' lang='lat' dir='ltr'>compluribus</span> <span class='ocrx_word' id='word_1_152' title='bbox 661 2449 738 2507; x_wconf 91' lang='lat' dir='ltr'>locis</span> <span class='ocrx_word' id='word_1_153' title='bbox 768 2450 896 2525; x_wconf 87' lang='lat' dir='ltr'>praedia</span> <span class='ocrx_word' id='word_1_154' title='bbox 925 2450 1094 2527; x_wconf 77' lang='lat' dir='ltr'>hostesque</span> 
     </span>
     <span class='ocr_line' id='line_1_23' title="bbox 197 2553 1094 2629; baseline 0.004 -20"><span class='ocrx_word' id='word_1_155' title='bbox 197 2554 333 2625; x_wconf 89' lang='lat' dir='ltr'>haberet,</span> <span class='ocrx_word' id='word_1_156' title='bbox 362 2563 395 2611; x_wconf 95' lang='lat' dir='ltr'>ut</span> <span class='ocrx_word' id='word_1_157' title='bbox 420 2572 586 2628; x_wconf 83' lang='lat' dir='ltr'>numquam</span> <span class='ocrx_word' id='word_1_158' title='bbox 613 2553 644 2610; x_wconf 91' lang='lat' dir='ltr'>in</span> <span class='ocrx_word' id='word_1_159' title='bbox 669 2553 705 2610; x_wconf 94' lang='lat' dir='ltr'>iis</span> <span class='ocrx_word' id='word_1_160' title='bbox 730 2553 890 2611; x_wconf 81' lang='lat' dir='ltr'>custodem</span> <span class='ocrx_word' id='word_1_161' title='bbox 916 2554 1094 2629; x_wconf 90' lang='lat' dir='ltr'>imposuerit</span> 
     </span>
     <span class='ocr_line' id='line_1_24' title="bbox 196 2656 1094 2734; baseline 0.004 -21"><span class='ocrx_word' id='word_1_162' title='bbox 196 2659 312 2716; x_wconf 84' lang='lat' dir='ltr'>fructus</span> <span class='ocrx_word' id='word_1_163' title='bbox 339 2657 483 2714; x_wconf 84' lang='lat' dir='ltr'>servandi</span> <span class='ocrx_word' id='word_1_164' title='bbox 508 2656 616 2732; x_wconf 73' lang='lat' dir='ltr'>gretie,</span> <span class='ocrx_word' id='word_1_165' title='bbox 642 2663 681 2714; x_wconf 86' lang='lat' dir='ltr'>ne</span> <span class='ocrx_word' id='word_1_166' title='bbox 708 2656 776 2732; x_wconf 93' lang='lat' dir='ltr'>quis</span> <span class='ocrx_word' id='word_1_167' title='bbox 807 2656 1003 2732; x_wconf 88' lang='lat' dir='ltr'>impediretur</span> <span class='ocrx_word' id='word_1_168' title='bbox 1032 2667 1094 2734; x_wconf 81' lang='lat' dir='ltr'>que</span> 
     </span>
     <span class='ocr_line' id='line_1_25' title="bbox 197 2759 1091 2835; baseline 0.001 -18"><span class='ocrx_word' id='word_1_169' title='bbox 197 2761 297 2818; x_wconf 92' lang='lat' dir='ltr'>minus</span> <span class='ocrx_word' id='word_1_170' title='bbox 321 2769 365 2818; x_wconf 91' lang='lat' dir='ltr'>eis</span> <span class='ocrx_word' id='word_1_171' title='bbox 392 2760 483 2818; x_wconf 89' lang='lat' dir='ltr'>rebus</span> <span class='ocrx_word' id='word_1_172' title='bbox 511 2760 622 2835; x_wconf 90' lang='lat' dir='ltr'>quibus</span> <span class='ocrx_word' id='word_1_173' title='bbox 648 2759 778 2834; x_wconf 92' lang='lat' dir='ltr'>quisque</span> <span class='ocrx_word' id='word_1_174' title='bbox 803 2760 905 2831; x_wconf 89' lang='lat' dir='ltr'>vellet,</span> <span class='ocrx_word' id='word_1_175' title='bbox 933 2760 1091 2820; x_wconf 79' lang='lat' dir='ltr'>frueretur.</span> 
     </span>
    </p>

    <p class='ocr_par' dir='ltr' id='par_1_7' title="bbox 163 2862 1145 2940">
     <span class='ocr_line' id='line_1_26' title="bbox 163 2862 1145 2940; baseline 0 -19"><span class='ocrx_word' id='word_1_176' title='bbox 163 2863 180 2914; x_wconf 83' lang='grc'><strong>2</strong></span> <span class='ocrx_word' id='word_1_177' title='bbox 199 2866 326 2940; x_wconf 86' lang='lat' dir='ltr'>Semper</span> <span class='ocrx_word' id='word_1_178' title='bbox 341 2883 410 2920; x_wconf 92' lang='lat' dir='ltr'>eum</span> <span class='ocrx_word' id='word_1_179' title='bbox 427 2862 588 2938; x_wconf 89' lang='lat' dir='ltr'>pedisequi</span> <span class='ocrx_word' id='word_1_180' title='bbox 605 2881 674 2920; x_wconf 90' lang='lat' dir='ltr'>cum</span> <span class='ocrx_word' id='word_1_181' title='bbox 691 2871 823 2920; x_wconf 91' lang='lat' dir='ltr'>nummis</span> <span class='ocrx_word' id='word_1_182' title='bbox 839 2873 911 2921; x_wconf 90' lang='lat' dir='ltr'>sunt</span> <span class='ocrx_word' id='word_1_183' title='bbox 927 2873 1033 2936; x_wconf 72' lang='lat' dir='ltr'>secuti</span> <span class='ocrx_word' id='word_1_184' title='bbox 1050 2874 1092 2938; x_wconf 87' lang='lat' dir='ltr'>ut,</span> <span class='ocrx_word' id='word_1_185' title='bbox 1113 2889 1126 2921; x_wconf 85' lang='lat'><strong><em>2</em></strong></span> <span class='ocrx_word' id='word_1_186' title='bbox 1131 2889 1145 2939; x_wconf 86' lang='lat'>5</span> 
     </span>
    </p>
   </div>
   <div class='ocr_carea' id='block_1_3' title="bbox 197 3041 1095 3359">
    <p class='ocr_par' dir='ltr' id='par_1_8' title="bbox 197 3041 1095 3359">
     <span class='ocr_line' id='line_1_27' title="bbox 241 3041 1095 3108; baseline 0 -16"><span class='ocrx_word' id='word_1_187' title='bbox 241 3059 250 3092; x_wconf 91' lang='lat'>1</span> <span class='ocrx_word' id='word_1_188' title='bbox 266 3045 379 3108; x_wconf 73' lang='grc' dir='ltr'>ῆόῐδῐθῒ,</span> <span class='ocrx_word' id='word_1_189' title='bbox 389 3045 575 3091; x_wconf 65' lang='lat' dir='ltr'>illustraretur.</span> <span class='ocrx_word' id='word_1_190' title='bbox 582 3070 615 3077; x_wconf 93' lang='lat'>—-</span> <span class='ocrx_word' id='word_1_191' title='bbox 625 3055 654 3089; x_wconf 92' lang='lat'>10</span> <span class='ocrx_word' id='word_1_192' title='bbox 673 3041 802 3104; x_wconf 76' lang='lat' dir='ltr'>expulsus</span> <span class='ocrx_word' id='word_1_193' title='bbox 814 3044 882 3107; x_wconf 80' lang='lat' dir='ltr'>erat,</span> <span class='ocrx_word' id='word_1_194' title='bbox 894 3046 983 3091; x_wconf 68' lang='lat' dir='ltr'>eiectus</span> <span class='ocrx_word' id='word_1_195' title='bbox 994 3052 1057 3092; x_wconf 83' lang='lat' dir='ltr'>erat.</span> <span class='ocrx_word' id='word_1_196' title='bbox 1065 3074 1095 3081; x_wconf 89' lang='lat'><em>—</em></span> 
     </span>
     <span class='ocr_line' id='line_1_28' title="bbox 199 3124 1095 3191; baseline -0.002 -16"><span class='ocrx_word' id='word_1_197' title='bbox 199 3143 227 3175; x_wconf 90' lang='lat'>12</span> <span class='ocrx_word' id='word_1_198' title='bbox 238 3128 409 3191; x_wconf 70' lang='lat' dir='ltr'>existimins,</span> <span class='ocrx_word' id='word_1_199' title='bbox 424 3132 529 3188; x_wconf 67' lang='lat' dir='ltr'>putens.</span> <span class='ocrx_word' id='word_1_200' title='bbox 546 3154 579 3160; x_wconf 96' lang='lat'><strong>—</strong></span> <span class='ocrx_word' id='word_1_201' title='bbox 594 3139 621 3185; x_wconf 90' lang='lat'>17</span> <span class='ocrx_word' id='word_1_202' title='bbox 641 3124 796 3188; x_wconf 71' lang='lat' dir='ltr'>devicisset,</span> <span class='ocrx_word' id='word_1_203' title='bbox 815 3126 994 3188; x_wconf 69' lang='lat' dir='ltr'>subegisset-</span> <span class='ocrx_word' id='word_1_204' title='bbox 1005 3127 1033 3176; x_wconf 89' lang='lat'>18</span> <span class='ocrx_word' id='word_1_205' title='bbox 1051 3131 1095 3180; x_wconf 77' lang='lat' dir='ltr'>est</span> 
     </span>
     <span class='ocr_line' id='line_1_29' title="bbox 197 3208 1095 3276; baseline -0.009 -16"><span class='ocrx_word' id='word_1_206' title='bbox 197 3214 328 3274; x_wconf 84' lang='lat' dir='ltr'>mortuus,</span> <span class='ocrx_word' id='word_1_207' title='bbox 342 3211 406 3257; x_wconf 81' lang='lat' dir='ltr'>diem</span> <span class='ocrx_word' id='word_1_208' title='bbox 429 3211 488 3256; x_wconf 77' lang='lat' dir='ltr'>obiit</span> <span class='ocrx_word' id='word_1_209' title='bbox 504 3213 660 3270; x_wconf 69' lang='lat' dir='ltr'>supremum.</span> <span class='ocrx_word' id='word_1_210' title='bbox 670 3235 704 3242; x_wconf 95' lang='lat'>—</span> <span class='ocrx_word' id='word_1_211' title='bbox 714 3221 745 3270; x_wconf 84' lang='lat'>23</span> <span class='ocrx_word' id='word_1_212' title='bbox 763 3208 861 3271; x_wconf 68' lang='lat' dir='ltr'>gritii,</span> <span class='ocrx_word' id='word_1_213' title='bbox 874 3214 957 3257; x_wconf 69' lang='lat' dir='ltr'>cause.</span> <span class='ocrx_word' id='word_1_214' title='bbox 968 3237 1001 3244; x_wconf 97' lang='lat'>—</span> <span class='ocrx_word' id='word_1_215' title='bbox 1010 3210 1095 3276; x_wconf 66' lang='lat' dir='ltr'>impo-</span> 
     </span>
     <span class='ocr_line' id='line_1_30' title="bbox 197 3290 881 3359; baseline -0.012 -14"><span class='ocrx_word' id='word_1_216' title='bbox 197 3296 308 3359; x_wconf 73' lang='lat' dir='ltr'>ditetur,</span> <span class='ocrx_word' id='word_1_217' title='bbox 322 3295 508 3356; x_wconf 72' lang='lat' dir='ltr'>prohiberetur.</span> <span class='ocrx_word' id='word_1_218' title='bbox 518 3320 552 3326; x_wconf 91' lang='lat'><strong>—</strong></span> <span class='ocrx_word' id='word_1_219' title='bbox 562 3305 574 3338; x_wconf 84' lang='lat'><strong><em>2</em></strong></span> <span class='ocrx_word' id='word_1_220' title='bbox 580 3304 592 3356; x_wconf 83' lang='lat'><strong>5</strong></span> <span class='ocrx_word' id='word_1_221' title='bbox 610 3290 761 3355; x_wconf 80' lang='lat' dir='ltr'>pedisequi,</span> <span class='ocrx_word' id='word_1_222' title='bbox 773 3292 881 3354; x_wconf 76' lang='lat' dir='ltr'>sitmulr&#39;.</span> 
     </span>
    </p>
   </div>
   <div class='ocr_carea' id='block_1_4' title="bbox 0 0 1260 3725">
    <p class='ocr_par' dir='ltr' id='par_1_9' title="bbox 0 0 1260 3725">
     <span class='ocr_line' id='line_1_31' title="bbox 0 0 1260 3725; baseline 0 0"><span class='ocrx_word' id='word_1_223' title='bbox 0 0 1260 3725; x_wconf 95' lang='lat' dir='ltr'> </span> 
     </span>
    </p>
   </div>
  </div>
 </body>
</html>
