2509 3725
177 220 194 272 8
473 218 688 268 MILTIADES.
723 232 746 280 7,
758 217 782 267 8.

1229 254 1231 342 l

1231 347 1232 408 l

179 397 234 447 rat.
259 390 368 465 Itaque
384 408 453 447 curn
469 388 536 465 ipse
548 394 603 465 pro
615 394 648 446 so
660 387 762 445 dicere
775 393 837 446 non
851 397 965 463 posset,
979 388 1073 446 verba

145 502 162 552 6
178 491 252 551 fecit
267 492 362 551 irater
377 492 443 551 eius
460 492 650 568 Stasagoras.
696 492 798 549 Causa
820 490 944 567 cognita
962 490 1072 567 capitis

180 595 338 654 absolutus
360 594 491 670 pecnnia
513 594 659 653 multatus
682 603 738 666 est,
755 612 853 670 eaque
871 594 908 651 lis
927 602 1073 669 quinqua-

178 698 265 776 ginta
295 698 419 756 talentis
449 698 612 756 aestimata
641 706 697 769 est,
723 705 856 773 quantus
885 695 916 753 in
942 696 1073 754 classem

180 810 319 877 sumptus
333 801 435 861 lactus
450 810 523 859 erat.
570 802 663 858 Hanc
678 799 840 876 pecuniam
857 801 939 877 quod
955 799 1073 859 solvere
1110 817 1124 870 5

179 905 209 965 in
233 903 409 980 praesentia
432 911 494 962 non
517 912 647 979 poterat,
664 902 694 961 in
717 902 839 961 vincula
860 903 983 979 publiea
1005 922 1074 961 con·

179 1008 277 1067 iectus
292 1017 340 1066 est
355 1007 458 1083 ibique
474 1006 556 1065 diem
571 1006 649 1064 obiit
663 1013 847 1082 supremum.

143 1108 167 1168 8
223 1112 284 1169 Hic
307 1119 365 1169 etsi
387 1109 513 1168 crimine
537 1108 627 1167 Pario
643 1118 691 1167 est
705 1118 877 1181 accosatus,
894 1118 997 1167 tamen
1014 1109 1074 1167 alia

180 1232 273 1272 causa
288 1213 346 1271 luit
361 1212 578 1272 damnationis.
605 1214 748 1287 Namque
763 1211 970 1271 Athonionsos
986 1230 1074 1288 prop-

180 1326 226 1375 ter
252 1316 404 1375 Pisistrati
430 1316 631 1391 tyrannidem,
649 1334 728 1391 quae
750 1323 857 1390 paucis
883 1324 972 1374 annis
1002 1324 1124 1376 antero

180 1420 288 1492 luerat,
312 1418 448 1477 omnium
473 1418 584 1476 civium
610 1426 735 1477 suorum
758 1416 928 1493 potentiam
952 1418 1075 1477 extimo-

146 1530 164 1583 2
180 1523 317 1582 scebant.
363 1522 530 1593 Miltiades,
548 1521 676 1580 multum
692 1520 722 1578 in
738 1520 873 1596 imperiis
894 1520 1074 1597 magistrati·
1150 1574 1154 1579 .

180 1627 300 1703 busque
315 1634 463 1696 versatus,
480 1632 542 1683 non
558 1624 720 1682 videbatur
734 1642 827 1700 posse
843 1642 912 1683 esse
928 1634 1073 1702 privatus

180 1728 359 1805 praesertim
371 1747 441 1786 curu
456 1727 680 1786 consuatudine
696 1728 735 1786 ad
751 1726 859 1803 imperi
874 1728 1074 1805 cupiditatem

147 1842 164 1893 3
180 1833 260 1892 trahi
274 1830 435 1892 videratur.
480 1834 560 1891 Nam
582 1833 769 1894 Chersonosi
788 1841 897 1894 omnos
912 1833 981 1893 illos
997 1840 1075 1910 quos
1096 1857 1124 1910 15

180 1936 335 1995 habitarat
346 1943 445 1995 annos
455 1946 635 2013 perpetuam
647 1937 824 1997 obtinuerat
833 1937 1074 1996 dominationem

180 2049 389 2118 tyrannusque
404 2040 504 2098 luerat
520 2041 701 2117 appellatus,
715 2041 771 2100 sed
787 2041 893 2100 iostus.
922 2043 993 2099 Non
1010 2049 1075 2097 erat

181 2141 263 2201 enirn
281 2152 311 2201 vi
326 2150 520 2215 consecotus,
538 2143 593 2202 sed
616 2151 740 2203 suorum
762 2143 929 2216 voluntate,
946 2160 1075 2219 eamque

181 2255 366 2322 potestatem
395 2245 533 2305 bonitate
563 2245 725 2306 retinabat.
771 2248 887 2306 Omnes
917 2256 1018 2304 autem
1045 2254 1076 2303 et

182 2349 324 2408 dicuntur
350 2359 381 2408 et
406 2349 559 2420 habentur
588 2358 709 2428 tyranni
739 2359 791 2426 qui
820 2357 974 2426 potestate
1004 2357 1076 2408 sunt
1095 2372 1126 2408 20

147 2458 164 2506 4
181 2461 329 2529 perpetua
345 2452 376 2510 in
392 2461 429 2511 ea
445 2452 569 2512 civitate
586 2472 664 2530 quae
681 2452 823 2512 libertate
839 2463 895 2512 asa
910 2461 966 2511 est.
1015 2452 1076 2510 Sed

182 2555 213 2612 in
230 2555 372 2615 Miltiade
394 2565 459 2614 erat
481 2574 550 2614 curn
573 2575 692 2614 summa
714 2555 899 2628 hamanitas
916 2565 981 2615 tum
1001 2563 1077 2613 mira

182 2658 393 2731 commonitas
411 2669 445 2718 ut
463 2665 552 2718 namo
570 2668 634 2721 tarn
651 2657 775 2718 humilis
791 2669 875 2718 esset
891 2659 940 2717 cui
958 2667 1021 2718 non
1037 2658 1077 2716 ad

182 2781 251 2821 eum
267 2763 369 2821 aditus
384 2768 523 2837 patoret3
546 2770 659 2838 magna
681 2761 848 2821 auctoritas
871 2761 954 2837 apud
969 2767 1076 2820 omnos

182 2865 331 2937 civitatos‚
351 2865 454 2923 nobile
478 2871 598 2936 nomen,
619 2864 686 2924 laus
709 2874 752 2923 rei
774 2864 913 2923 militaris
936 2863 1076 2922 maxima.
1096 2884 1127 2938 ²5

184 2970 273 3027 Haec
302 2968 434 3046 populus
468 2967 637 3044 respicions
671 2968 778 3027 maluit
807 2967 891 3025 illurn
920 2967 1077 3025 innoxium

182 3072 276 3147 plecti
292 3091 382 3148 quarn
399 3077 432 3130 so
448 3070 562 3129 diutius
578 3089 648 3130 esse
665 3070 695 3128 in
712 3071 828 3130 timore.

227 3235 236 3269 1
251 3223 332 3272 verba
345 3219 420 3285 ficit,
433 3222 565 3269 oravit—
577 3234 604 3268 12
618 3221 745 3306 multum,
758 3228 834 3284 saepe.
842 3249 876 3256 -
887 3221 916 3269 16
928 3221 1077 3286 habitarat,

182 3310 329 3356 incoluerat.
337 3337 371 3344 -
381 3321 408 3368 17
422 3309 480 3358 erat
498 3308 667 3371 consecutus,
680 3315 736 3354 erut
746 3308 857 3368 adeptus.
867 3335 901 3343 —
912 3321 942 3371 19
958 3309 1080 3372 potesti-

181 3392 248 3457 tem,
261 3393 450 3454 imperium.—
460 3405 491 3439 20
503 3390 638 3455 dicuntur,
651 3392 829 3438 nominantur.
