2509 3725
198 236 232 286 36
483 236 717 285 ALCIBIADES.
751 235 775 291 6,
788 250 811 295 7.

199 404 322 481 publice
344 404 434 474 bona,
454 402 609 478 iidemque
632 402 674 459 illi
697 401 897 478 Eumolpidae
920 401 1097 461 sacerdotes
1199 394 1203 401 ⁵

200 516 304 565 rursus
327 515 482 564 resacrere
505 515 577 564 sunt
603 512 703 564 coecti
726 513 779 581 qui
801 524 870 563 eum
899 504 1096 577 devuverant,

199 609 342 686 pilaeque
364 609 433 667 illae
459 608 622 685 inquibus
649 606 773 666 devutiu
798 608 900 667 fuerat
925 607 1096 684 scriptam

200 730 283 770 mare
299 711 528 788 praecipitatae.

162 817 184 877 '7
243 816 333 873 Haec
353 814 507 873 Alcibiadi
530 812 648 872 laetitia
671 820 733 872 nun
753 813 845 872 nimis
867 814 926 872 fuit
943 814 1096 873 diuturna.
1135 829 1148 881 5

202 920 283 976 Nam
299 926 411 976 cumei
427 924 535 975 omnes
551 926 658 975 essent
677 917 811 976 honures
833 917 948 976 decreti
970 925 1098 994 tutaque

201 1020 388 1097 respublica
407 1021 490 1079 domi
507 1020 643 1096 bellique
665 1019 786 1091 tredita,
804 1029 837 1078 ut
859 1029 949 1079 unius
972 1020 1098 1081 arbitrie

201 1131 364 1201 gereretur,
384 1124 495 1199 etipse
514 1123 705 1200 postulasset
730 1132 763 1180 ut
785 1122 847 1181 duo
870 1123 930 1182 sibi
952 1124 1099 1201 conlegae
1183 1125 1187 1129 ’
1243 1193 1244 1204 ¹

202 1227 356 1298 darentur,
391 1226 603 1304 Thrasybulus
639 1236 670 1284 et
704 1227 897 1299 Adimantus,
931 1246 1032 1303 neque
1067 1227 1099 1287 id

202 1339 347 1407 uegetum
376 1339 467 1401 esset,
498 1329 599 1387 classe
628 1328 660 1386 in
688 1328 794 1387 Asiam
824 1330 990 1406 profectus,
1016 1330 1100 1407 quod
1120 1352 1151 1387 10

203 1434 286 1510 apud
309 1435 426 1512 Cymen
449 1432 551 1491 minus
570 1451 607 1490 ex
633 1432 788 1491 sententie
810 1452 874 1491 rem
896 1442 1044 1510 gesserat,
1068 1433 1100 1491 in

75 1538 80 1549 “
168 1536 350 1595 2invidiam
372 1535 506 1595 reccidit.
562 1535 647 1594 Nihil
677 1535 760 1593 enim
789 1554 859 1594 eum
888 1543 950 1595 nun
980 1537 1100 1596 efficere

203 1659 296 1716 posse
321 1640 485 1699 ducebant.
531 1641 576 1697 Ex
600 1646 661 1715 quu
686 1638 784 1697 fiebat
812 1649 846 1697 ut
874 1638 1102 1698 omniaminus

204 1749 350 1820 prospere
379 1751 467 1819 gesta
497 1742 605 1818 culpae
636 1741 813 1812 tribuerent,
845 1761 914 1801 cum
948 1752 1001 1801 aut
1032 1762 1102 1803 eum

205 1847 402 1924 neglegenter
417 1854 470 1905 aut
485 1844 638 1905 malitiose
652 1844 765 1905 fecisse
781 1845 979 1922 loquerentur
992 1870 999 1920 3
1023 1855 1103 1907 sicut
1122 1870 1153 1922 15
1245 1890 1246 1919 2

205 1961 270 2011 tum
285 1952 416 2011 accidit:
439 1969 511 2008 nam
526 1958 701 2024 corruptum
717 1957 737 2007 u
758 1956 829 2025 rege
851 1968 961 2025 capere
984 1952 1102 2028 Cymen

171 2066 188 2116 3
205 2055 342 2116 nuluisse
357 2055 535 2132 arguebant.
582 2055 694 2127 Itaque
713 2051 785 2109 huic
807 2052 937 2111 maixime
959 2061 1103 2130 putamus

206 2161 287 2219 male
301 2158 398 2217 fuisse
414 2157 539 2215 nimiam
553 2154 731 2232 opiniunem
745 2153 848 2230 ingeni
860 2164 952 2231 atque
964 2156 1103 2216 virtutis:

206 2264 370 2323 timebitur
395 2261 475 2321 enim
502 2267 565 2319 nun
595 2257 697 2316 minus
726 2276 818 2334 quam
847 2259 1039 2335 diligebatur,
1064 2267 1104 2319 ne

207 2367 346 2426 secunde
367 2366 490 2425 furtunae
513 2371 696 2439 mugnisque
718 2360 829 2436 opibus
852 2362 951 2420 elutus
972 2362 1104 2441 tyranni·
1124 2389 1156 2423 20
1203 2434 1210 2446 ι

208 2471 278 2529 dem
308 2476 548 2545 concupisceret.
594 2464 717 2538 Quibus
747 2463 838 2522 rebus
864 2464 979 2523 factum
1002 2476 1050 2524 est
1071 2476 1106 2525 ut

208 2574 329 2632 absenti
355 2572 567 2648 magistratum
596 2567 782 2643 abrogerent
807 2575 838 2625 et
864 2566 955 2624 alium
982 2567 1013 2625 in
1039 2569 1105 2628 eius

176 2676 309 2734 ilocum
339 2674 569 2733 substituerent.
615 2671 654 2728 Id
683 2670 733 2727 ille
763 2678 797 2727 ut
826 2669 950 2741 audivit,
981 2670 1105 2730 domum

208 2787 319 2837 reverti
344 2776 442 2836 nuluit
467 2785 498 2833 et
527 2781 560 2833 se
591 2775 726 2851 Pactyen
757 2771 887 2830 contulit
915 2772 1019 2848 ibique
1048 2773 1107 2832 tria

209 2881 337 2941 castella
359 2878 546 2950 communiit,
569 2878 681 2949 OrnuS,
704 2875 882 2949 Bizanthen‚
904 2879 1105 2952 Neontichos,
1126 2901 1157 2952 ²5

209 2994 364 3060 manuque
380 2983 521 3042 conlecta
531 2990 647 3056 primus
658 2982 796 3038 Graecae
811 2979 945 3038 civitatis
966 2980 997 3038 in
1013 2983 1107 3041 Thra·

254 3161 267 3213 5
285 3147 424 3209 diuturna,
432 3146 579 3206 longinqua.
588 3156 643 3202 —7
662 3141 784 3205 arbitrio,
797 3143 931 3192 voluntdte.
941 3171 974 3180 -
985 3159 1015 3208 13
1032 3146 1109 3197 ducu-

209 3232 286 3294 bant,
302 3229 490 3278 existimabant.
499 3255 533 3262 -
544 3238 571 3286 17
590 3225 751 3288 arguebant,
763 3225 991 3288 adfirmabant—
1004 3228 1034 3276 18
1051 3231 1109 3294 091.

208 3313 329 3377 niunem,
338 3313 559 3360 existimationem.
