2509 3725
216 238 248 288 32
500 236 732 285 murmanus.
767 250 790 299 3,
801 250 823 294 4.

217 406 248 463 in
265 414 302 465 ee
316 406 473 465 habebant
488 405 660 477 meximam,
677 404 842 463 sedetiam
862 404 1011 475 timerem,
1028 404 1112 479 quod

183 518 200 568 6
217 518 247 568 et
263 510 373 568 obesse
388 509 549 586 plurimum
570 518 601 567 et
620 508 768 585 predesse
790 517 916 592 poterat.
962 510 1113 583 Asperge-

217 614 307 672 batur
335 612 427 671 etiam
457 612 590 683 insemie,
622 612 705 687 quod
735 610 765 667 in
795 611 886 669 dome
918 619 974 670 sue
1009 611 1112 668 facere

217 716 360 794 mysteria
375 716 553 786 dicebetur3
584 714 668 790 quod
690 714 777 772 neles
800 722 865 771 erat
888 721 970 772 mere
987 713 1112 771 Atheni·

217 819 345 892 ensium,
362 818 455 894 idque
478 825 540 877 nen
562 818 601 875 ad
627 816 814 893 religionem,
831 817 886 874 sed
911 816 951 875 ad
977 816 1112 875 coniuret·
1149 830 1161 882 5

217 922 332 983 tienem
347 922 499 999 pertinere
515 921 755 980 existimabatur.
1246 941 1247 1004 q

76 1009 93 1031 ⁴
181 1032 204 1091 4
261 1028 332 1085 Hec
348 1025 474 1085 crimine
490 1025 520 1082 in
537 1024 681 1083 centibne
697 1024 736 1082 ab
757 1023 889 1082 inimicis
909 1023 1113 1100 compellebe-

217 1139 273 1188 tur.
319 1129 379 1188 Sed
395 1128 530 1187 instabat
551 1136 671 1203 tempus
694 1126 734 1185 ad
755 1126 869 1185 bellum
888 1126 1111 1203 proficiscendi.

218 1232 256 1290 Id
272 1232 321 1291 ille
337 1233 459 1291 intuens
475 1251 574 1307 neque
598 1238 741 1307 ignerens
764 1231 874 1289 civium
897 1238 1020 1289 suerum
1042 1237 1113 1289 ebn-

218 1336 411 1396 suetfidinem
436 1334 619 1412 postulabat,
646 1343 672 1393 si
696 1333 770 1409 quid
794 1335 832 1392 de
856 1341 889 1392 se
916 1342 965 1410 agi
988 1333 1111 1405 vellent,
1133 1353 1163 1388 10

217 1439 320 1516 potius
335 1440 373 1497 de
388 1447 550 1515 praesente
563 1437 702 1513 quaestie
718 1438 881 1496 haberetur
892 1455 983 1513 quam
999 1438 1112 1496 absens

183 1542 351 1602 2invidiae
380 1541 505 1600 crimine
535 1548 738 1600 accerseretur.
794 1540 916 1599 Inimici
945 1547 1017 1599 vere
1046 1540 1113 1599 eius

217 1645 438 1721 quiescendum
453 1644 484 1702 in
500 1654 662 1720 praesenti,
680 1644 752 1719 quia
768 1651 870 1703 noceri
890 1652 919 1702 ei
939 1650 1001 1703 nen
1021 1662 1113 1719 posse

218 1748 444 1825 intellegebant,
462 1758 492 1807 et
507 1748 582 1807 illud
604 1758 725 1825 tempus
748 1750 989 1825 exspectandum
1012 1748 1113 1807 decre·

217 1860 326 1912 verunt
361 1859 423 1929 que
455 1861 577 1923 exisset,
608 1861 642 1911 ut
672 1853 830 1912 absentem
865 1852 1111 1930 aggrederentur,
1133 1862 1164 1916 15
1248 1894 1249 1911 r

183 1957 320 2033 3itaque
340 1958 486 2015 iecerunt.
542 1959 623 2014 Nam
646 1966 809 2032 postquam
832 1957 862 2014 in
887 1955 1020 2014 Siciliam
1043 1974 1112 2015 eum

217 2059 393 2136 pervenisse
409 2059 613 2131 crediderunt,
627 2060 795 2132 absentem,
809 2062 892 2137 quod
908 2078 994 2118 sacra
1005 2059 1114 2118 violes-

218 2173 272 2236 set,
290 2183 373 2222 reum
393 2165 541 2222 fecerunt.
586 2164 658 2236 Que
679 2165 717 2222 de
743 2171 775 2222 re
801 2183 870 2221 cum
894 2172 922 2222 ei
948 2161 1072 2221 mintius
1095 2171 1114 2221 e

217 2266 395 2343 magistretr'r
417 2267 447 2323 in
468 2265 603 2325 Siciliam
625 2275 735 2325 missus
758 2277 849 2337 esset,
873 2277 906 2325 ut
928 2267 1051 2325 domum
1073 2266 1114 2324 ad

217 2388 341 2429 causam
368 2370 530 2428 dicendam
557 2369 678 2441 rediret,
695 2378 839 2445 essetque
863 2369 893 2426 in
919 2377 1032 2445 megne
1058 2375 1164 2444 spero

216 2473 392 2549 previnciae
414 2472 494 2530 bene
517 2472 786 2544 administrandae,
802 2480 865 2531 nen
888 2479 993 2549 perere
1016 2472 1114 2531 neluit
1248 2456 1249 2465 ἀ

217 2586 248 2635 et
276 2577 307 2633 in
338 2577 500 2649 triremem,
529 2596 608 2652 quae
638 2577 678 2633 ad
707 2595 776 2634 eum
792 2585 856 2635 erat
888 2575 1113 2651 deportandum

183 2688 317 2751 4missa,
344 2679 492 2737 aseendit.
539 2681 609 2736 Hec
633 2679 766 2738 Thurios
790 2679 821 2736 in
844 2673 966 2736 ltaliam
992 2686 1113 2754 pervec-

216 2792 274 2854 tus,
292 2782 386 2842 multa
407 2790 510 2841 secum
536 2792 683 2858 reputatus
710 2782 748 2840 de
775 2782 975 2841 immoderata
1001 2782 1113 2840 civium

217 2893 340 2944 suerum
363 2885 486 2944 licentie
508 2885 749 2960 crudelitateque
772 2895 843 2962 erge
869 2885 997 2957 nebileS,
1021 2885 1113 2943 utilis
1132 2907 1163 2958 ²5

259 3019 513 3083 7compellibitur,
543 3019 728 3080 appelldbdtur.
741 3033 802 3079 -9
826 3019 945 3082 intuens,
974 3019 1003 3064 in
1032 3026 1114 3066 mente

216 3104 316 3151 habeus.
326 3131 359 3138 -
371 3116 397 3149 11
418 3102 570 3165 haberetur,
592 3101 675 3163 fieret.
685 3130 719 3137 —
731 3115 760 3161 14
777 3101 981 3165 intellegebant,
997 3102 1112 3149 serebant.

215 3216 249 3222 —
258 3188 441 3250 decreverunt,
461 3191 611 3233 statuerunt.
622 3197 693 3249 -15
710 3186 926 3248 aggrederentur,
939 3186 1112 3233 adorirentur.

218 3270 247 3318 18
266 3283 341 3320 reum
358 3267 488 3333 fecerunt,
505 3273 697 3316 accresdverunt.
707 3295 740 3303 -
750 3281 781 3326 24
798 3268 937 3335 reputins,
954 3268 1114 3334 &gildus-

217 3368 230 3401 2
235 3366 248 3418 5
265 3355 338 3423 erge,
351 3353 387 3400 in.
