2509 3725
220 205 253 256 50
476 206 758 255 EPAMINONDAS.
794 204 868 253 8-10.

221 375 368 433 Messene
384 374 525 433 restituta
541 374 649 432 urbem
668 380 771 432 eorum
793 371 957 431 obsidione
978 369 1122 429 clausit.''

221 479 312 536 Haec
338 497 407 536 cum
434 477 572 550 dixisset,
600 486 679 535 risus
706 476 842 535 omnium
869 494 939 533 cum
964 474 1124 533 hilaritate

156 583 160 593 '
220 590 343 639 coortus
364 589 420 653 est,
441 599 542 657 neque
563 580 725 657 quisquam
745 579 836 638 iudex
855 598 948 637 ausus
962 587 1011 641 est
1027 578 1065 636 de
1081 586 1124 637 eo

219 684 299 742 ferre
314 684 502 760 suffragium.
549 685 600 743 Sic
614 693 634 743 a
650 682 764 743 iudicio
782 681 893 759 capitis
912 680 1044 740 maxima
1059 680 1123 741 dis-

220 786 314 846 cessit
329 787 434 864 gloria.
1166 802 1180 853 5

184 890 207 950 9
263 893 326 949 Hic
342 898 478 950 extremo
494 900 631 967 tempore
647 890 812 967 imperator
828 890 910 965 apud
926 888 1125 947 Mantineam

221 1012 289 1051 cum
312 993 377 1052 acie
402 1002 551 1052 instructa
576 993 725 1053 audacius
751 1001 880 1051 instaret
903 991 1053 1062 hostibus,
1070 999 1125 1051 co

220 1096 354 1173 gnitusai
370 1096 634 1168 Lacedaemoniis,
648 1097 730 1173 quod
748 1096 778 1153 in
796 1105 886 1154 imius
901 1094 1036 1171 pernicie
1052 1093 1124 1154 eius

221 1200 339 1277 patriae
361 1200 451 1258 sitam
473 1201 625 1276 putabant
649 1200 787 1272 salutem,
813 1198 946 1257 universi
968 1198 999 1255 in
1025 1207 1124 1256 imum

222 1303 370 1379 impetum
391 1303 529 1361 iecerunt
552 1322 653 1379 neque
677 1303 761 1379 prius
785 1303 1002 1361 abscesserunt
1026 1319 1123 1376 quam
1147 1326 1179 1360 10

222 1415 333 1482 magna
362 1406 458 1465 caede
487 1406 652 1482 multisque
682 1415 793 1465 occisis
822 1404 989 1465 fortissime
1018 1403 1124 1479 ipsum

223 1510 469 1585 Epaminondam
498 1520 696 1586 pugnantem,
728 1516 819 1586 sparo
849 1508 969 1567 eminus
998 1525 1125 1583 percus·

188 1617 298 1685 2sum,
323 1613 486 1672 concidere
507 1613 658 1672 viderunt.
706 1612 809 1671 Huius
832 1621 905 1670 casir
928 1611 1123 1686 aliquantum

222 1716 370 1774 retardati
395 1725 467 1774 sunt
494 1716 622 1788 Boeotii,
650 1735 751 1792 neque
777 1726 880 1775 tamen
905 1715 990 1791 prius
1015 1724 1124 1791 pugna

188 1826 421 1884 aexcesserunt
450 1838 542 1896 quam
575 1826 783 1896 repugnantes
819 1819 1028 1902 profligarunt.
1078 1822 1124 1878 At
1146 1841 1176 1894 15

224 1924 465 1998 Epaminondas
491 1942 559 1981 cum
586 1923 844 1983 animadverteret
870 1923 1060 1982 mortiferum
1089 1931 1124 1982 se

223 2027 333 2084 volnus
349 2026 506 2101 accepisse
526 2027 688 2103 simulque,
706 2036 731 2085 si
752 2027 874 2098 ferrum,
893 2027 975 2101 quod
996 2046 1033 2085 ex
1053 2026 1124 2086 has-

223 2130 269 2186 tili
281 2129 312 2186 in
322 2148 450 2205 corpore
460 2138 657 2202 remanserat,
669 2129 859 2202 extraxisset,
871 2130 1004 2187 animam
1017 2129 1123 2187 statim

224 2239 413 2304 emissurum,
439 2252 536 2307 usque
561 2241 598 2292 eo
627 2232 753 2291 retinuit
782 2233 885 2308 quoad
914 2233 1124 2291 renuntiatum

190 2350 207 2398 4
224 2344 272 2393 est
283 2335 394 2393 vicisse
409 2336 562 2395 Boeotios
609 2337 646 2394 ld
663 2345 827 2412 postquam
840 2336 965 2408 audivit,
981 2335 1122 2408 “Satis’'
1147 2363 1178 2396 20

225 2438 333 2513 inquit,
352 2446 460 2497 “vixi:
488 2439 620 2497 invictus
646 2440 726 2497 enim
751 2439 893 2498 morior.'’
937 2440 1017 2497 Tum
1041 2439 1125 2499 terro

224 2549 362 2600 extracto
378 2542 541 2600 confestim
557 2542 749 2601 exanimatus
765 2552 820 2601 est.

176 2650 222 2710 10
268 2647 330 2703 Hic
345 2653 470 2704 uxorem
489 2665 656 2721 numquam
672 2646 767 2704 duxit.
809 2649 846 2703 In
863 2653 1008 2722 quocum
1024 2665 1126 2721 repre·
1215 2671 1216 2689 ¹

225 2749 411 2806 henderetur
435 2749 531 2828 (quod
555 2750 669 2808 liberos
690 2756 752 2807 non
773 2749 973 2828 relinqueret)
997 2757 1015 2807 a
1038 2750 1127 2807 Pelo·
1214 2733 1215 2765 ¹

225 2850 307 2928 pida,
326 2859 378 2928 qui
397 2850 496 2908 filium
518 2852 654 2910 habebat
674 2853 829 2924 infamem,
846 2852 986 2927 maleque
1006 2871 1076 2909 eum
1093 2852 1125 2910 in
1149 2877 1178 2927 25

267 3024 283 3072 6
301 3026 420 3075 extremo
440 3026 571 3089 tempore,
590 3030 725 3086 postremo·¹
740 3039 796 3086 -7
822 3027 949 3089 instaret,
974 3030 1129 3088 urgeret.-
1208 2999 1211 3071 i

225 3107 241 3155 8
270 3107 398 3171 pernicie,
425 3115 510 3155 morte.
523 3122 585 3170 -9
601 3108 732 3172 universi,
762 3114 942 3172 omnin-13
978 3109 1126 3174 concidere,

226 3192 401 3254 cadere-15
419 3191 604 3254 prOfligimnt,
624 3193 652 3238 in
663 3193 757 3255 sugam
772 3194 902 3239 dedirunt.
911 3219 944 3227 -
957 3191 984 3240 18
1004 3192 1129 3244 animam

227 3273 398 3336 emissurum,
413 3274 579 3320 maritarum.
