2509 3725
208 202 240 252 22
501 205 722 256 musnums.
759 220 780 264 2,
794 219 817 272 3.

208 390 279 430 nem
295 370 406 431 cecidit
422 372 746 434 Lacedaemoniorum.
792 376 863 448 Que
877 376 962 435 facte
982 374 1107 436 domum

207 458 378 548 revocatus,
411 486 573 536 accesetus
605 477 716 554 capitis
749 479 925 552 absolvitur,
962 480 1107 538 multetur

207 586 311 637 tamen
340 579 492 655 pecnnia:
537 598 629 657 quam
657 581 698 639 ob
736 600 861 639 causam
897 582 937 640 ad
974 582 1106 641 classem

207 690 353 739 remissus
377 689 439 741 non
466 691 522 741 est.

168 779 191 841 3
250 787 291 843 At
306 784 356 843 ille
371 795 443 862 post
460 793 521 844 nen
544 786 641 845 multe
664 796 720 846 sue
743 797 853 863 sponte
876 788 916 847 ad
938 788 1103 848 exercitum
1141 796 1155 848 5

207 886 298 946 rediit
313 897 344 946 et
360 887 401 947 ibi
413 896 475 947 nen
489 888 609 961 callide,
622 890 678 948 sed
691 890 827 948 dementi
838 890 957 949 ratiene
970 892 1105 969 cegiteta

207 990 353 1068 patefecit
368 1014 374 1049 ε
397 999 460 1050 non
476 992 558 1050 enim
575 999 676 1051 mores
691 992 808 1069 patries
821 992 929 1065 selum,
942 994 1103 1053 sedetiam

173 1094 190 1143 2
207 1094 321 1153 cultum
337 1103 543 1170 vestitumque
560 1096 697 1155 mutevit.
732 1099 892 1172 Apparatu
905 1097 988 1173 regie
1000 1098 1104 1157 utebe-

206 1206 263 1269 tur,
273 1207 358 1256 veste
371 1197 495 1256 Medica
510 1222 516 1269 ;
539 1198 687 1257 satellites
701 1198 786 1257 Medi
798 1208 829 1257 et
841 1200 986 1278 Aegyptii
998 1208 1104 1277 seque-

206 1300 339 1359 bantur:
377 1301 560 1377 epulabatur
593 1308 677 1360 mere
715 1302 877 1360 Persarum
910 1302 1101 1377 lr‘ururiesius
1123 1320 1154 1355 10
1243 1329 1244 1338 ¹

172 1418 189 1469 3
206 1421 299 1479 quam
314 1412 367 1479 qui
382 1404 510 1463 aderant
525 1412 644 1481 perpeti
658 1414 809 1480 possent3
839 1405 956 1464 aditum
975 1407 1103 1483 petenti·

205 1507 264 1565 bus
281 1506 522 1586 [conveniundi]
540 1514 602 1566 non
619 1507 722 1578 dabat,
737 1508 868 1583 superbe
883 1510 1101 1586 respondebat,

206 1609 369 1668 crudeliter
403 1609 581 1686 imperabat.
643 1612 784 1687 Spartam
820 1612 920 1671 redire
956 1614 1101 1672 nelebat:

207 1712 352 1786 Colenes
370 1722 422 1788 qui
438 1714 523 1772 locus
541 1712 572 1770 in
597 1720 671 1790 agre
693 1714 721 1770 T
723 1714 816 1772 reade
839 1724 895 1787 est,
913 1723 946 1774 se
969 1716 1103 1774 contule-

205 1825 252 1875 rat
267 1840 273 1890 3
297 1815 340 1875 ibi
355 1816 483 1876 censilia
499 1835 568 1876 cum
584 1816 701 1894 patriae
718 1826 782 1876 tum
794 1817 853 1877 sibi
870 1817 993 1878 inimica
1005 1819 1103 1896 caple-
1123 1831 1154 1885 15
1243 1861 1245 1957 p

171 1922 188 1971 4
204 1920 267 1979 bat.
303 1921 341 1980 Id
357 1930 520 1996 postquam
536 1921 776 1979 Lacedaemonii
792 1921 969 1995 rescierunt,
983 1923 1102 2000 legates

205 2042 274 2081 cum
296 2023 384 2083 clave
406 2024 446 2082 ad
468 2042 537 2082 eum
561 2030 717 2095 miserunt,
735 2023 766 2080 in
790 2033 852 2100 qua
876 2032 959 2083 mere
983 2026 1102 2085 illerum

205 2137 270 2186 erat
290 2137 457 2205 scriptum:
484 2128 544 2186 nisi
563 2128 686 2186 domum
709 2135 918 2200 reverteretur,
936 2136 969 2188 se
991 2129 1102 2206 capitis

170 2237 274 2290 5eum
297 2233 504 2291 damnaturus.
551 2233 623 2291 Hec
645 2231 754 2291 nuntie
776 2239 956 2304 commdtuS,
974 2240 1102 2310 sperans

205 2342 238 2394 se
253 2335 346 2394 etiam
361 2345 425 2394 tum
441 2335 572 2412 pecunie
588 2345 618 2394 et
634 2335 773 2412 potentie
792 2343 911 2395 instans
934 2337 1101 2412 periculum
1121 2356 1153 2390 20

204 2458 296 2516 posse
320 2439 483 2515 depellere,
508 2439 634 2498 domum
658 2438 756 2498 rediit.
802 2440 874 2498 Huc
897 2449 930 2498 ut
953 2439 1045 2512 venit,
1062 2441 1101 2499 ab

204 2543 328 2618 ephoris
344 2542 375 2600 in
387 2543 489 2602 vincla
504 2542 627 2620 publica
643 2552 691 2601 est
711 2541 891 2601 coniectus:
926 2543 998 2603 lieet
1020 2544 1102 2602 enim

204 2645 323 2722 legibus
339 2653 443 2705 edrum
460 2645 556 2704 cuivis
573 2645 689 2721 ephord
705 2644 764 2704 hdc
779 2645 882 2704 facere
898 2653 970 2722 regi.
1017 2646 1101 2705 Hinc

204 2759 307 2808 tamen
328 2758 361 2808 se
382 2749 546 2827 expedivit,
563 2768 664 2825 neque
685 2756 723 2807 ee
743 2747 842 2825 magis
860 2749 985 2808 carebat
1005 2759 1102 2827 suspi-

204 2853 314 2912 ciene:
341 2873 413 2911 nam
428 2852 533 2930 opinio
550 2852 694 2910 manebat
709 2870 779 2910 eum
802 2870 872 2910 cum
895 2859 965 2929 rege
987 2853 1101 2912 habere
1121 2876 1151 2928 25

170 2956 394 3016 esocietetem.
449 2958 505 3015 Est
527 2974 625 3033 genus
653 2955 811 3031 quoddam
837 2954 995 3014 hominum
1017 2957 1101 3032 quod

246 3109 261 3158 6
278 3109 407 3174 edgiteta,
423 3111 536 3158 censilia.
546 3139 580 3144 —
591 3123 617 3156 11
641 3109 758 3172 perpeti,
771 3108 938 3172 perferre.—
948 3123 978 3169 14
995 3111 1024 3160 se
1042 3123 1103 3162 con·

203 3194 313 3259 tulerat,
321 3199 346 3241 si
358 3199 488 3256 reciperat.
498 3223 532 3228 -
544 3205 572 3257 15
582 3205 643 3242 cum
656 3227 662 3238 .
675 3228 681 3238 .
695 3193 780 3255 .tum,
795 3199 835 3239 ct.
850 3227 855 3238 .
869 3199 914 3239 .et.
922 3221 955 3228 -
966 3192 996 3242 16
1006 3195 1103 3244 rescie-

203 3279 276 3344 runt,
289 3282 462 3341 cdgneverunt.
472 3305 506 3312 -
516 3289 543 3322 ar
564 3275 707 3340 depellere,
722 3276 884 3336 prepulsa're.
