2509 3725
456 243 675 293 iussimus.
712 258 734 299 2,
747 257 769 307 3.
1033 240 1065 290 59

157 411 240 489 quod
261 410 297 468 iis
315 409 438 468 studere
456 416 659 469 censuessent
676 418 753 486 ques
770 418 954 469 censervare
972 410 1065 468 fidem

156 516 305 575 viderent.
351 514 352 519 ’

118 625 143 684 3
199 623 368 694 Postquam
401 616 587 676 indutiarum
618 616 774 692 praeteriit
807 618 882 691 dies
916 622 1066 680 barbarus

156 731 218 783 nen
238 721 393 793 dubitens,
415 720 499 796 quod
522 720 619 795 ipsius
644 730 731 778 erant
755 722 885 797 plurima
911 725 1065 784 domicilia

156 828 187 884 in
204 826 294 886 Caria
311 835 341 884 et
358 844 394 882 ea
410 824 495 901 regie
512 824 548 883 iis
565 825 756 899 temporibus
780 827 877 887 multe
899 831 1066 905 putibetur
1102 845 1115 896 5

155 928 407 1006 locupletissima,
427 935 465 986 ee
488 928 683 1004 potissimum
706 929 813 988 hostes
839 931 985 1007 impetum
1005 934 1066 990 fac-

120 1041 249 1105 2trir6s
288 1040 395 1092 omnes
435 1042 506 1091 sues
545 1034 650 1109 eripies
687 1041 726 1093 ee
763 1044 965 1094 contraxerat.
1024 1039 1066 1094 At

156 1136 320 1213 Agesilaus
344 1136 377 1194 in
401 1137 564 1214 Phrygiam
587 1144 620 1195 se
647 1138 799 1196 convertit
824 1157 954 1214 eamque
981 1140 1065 1215 prius

156 1240 361 1316 depopulatus
393 1250 441 1300 est
479 1260 571 1315 quam
603 1241 830 1317 Tissaphernes
869 1261 999 1317 usquam
1033 1250 1065 1301 se

155 1351 301 1402 moveret.
370 1346 487 1420 Magne
529 1345 645 1420 praede
684 1345 832 1403 militibus
871 1345 1066 1421 locupletatis
1088 1370 1116 1403 10

157 1447 314 1522 Ephesum
347 1447 515 1506 hiemetum
548 1448 716 1505 exercitum
749 1448 870 1506 redixit
901 1458 993 1524 atque
1023 1449 1066 1508 ibi

157 1550 287 1609 officinis
305 1557 457 1609 armerum
476 1551 624 1609 institutis
642 1560 755 1627 magne
780 1551 931 1611 industrie
952 1552 1065 1610 bellum

157 1654 325 1730 apparevit.
373 1656 412 1712 Et
438 1662 500 1730 que
529 1654 699 1713 studiesius
728 1664 920 1713 armarentur
943 1656 1066 1732 insigni-

158 1776 255 1833 usque
279 1765 469 1829 ornarentur,
491 1757 626 1833 praemia
651 1758 821 1833 preposuit,
841 1758 953 1833 quibus
973 1759 1066 1817 dene-

157 1871 262 1919 rentur
291 1869 420 1937 querum
451 1860 572 1938 egregia
596 1860 626 1918 in
651 1871 687 1920 ee
712 1870 744 1920 re
768 1862 878 1920 luisset
904 1861 1063 1922 industria.
1087 1886 1115 1936 15

121 1963 244 2025 3Fecit
274 1964 356 2022 idem
388 1965 418 2022 in
452 1965 705 2023 exercitetienum
738 1965 912 2041 generibus
944 1975 985 2038 ut,
1013 1977 1065 2042 qui

158 2075 268 2126 ceteris
290 2068 528 2144 praestitissent,
548 2077 602 2127 ees
624 2078 745 2145 magnis
768 2069 915 2126 adficeret
937 2070 1065 2127 muneri·

157 2171 224 2230 bus.
273 2173 332 2230 His
357 2172 448 2248 igitur
472 2172 563 2230 rebus
587 2172 690 2230 effecit
718 2182 751 2230 ut
777 2182 809 2230 et
836 2172 1065 2230 emetissimum

121 2284 140 2331 4
158 2283 189 2332 et
205 2274 494 2332 exercitatissimum
519 2276 648 2333 haberet
672 2275 847 2332 exercitum.
897 2275 980 2333 Huic
995 2295 1064 2333 cum

158 2386 280 2453 tempus
304 2387 387 2436 esset
411 2387 510 2436 visum
539 2379 645 2454 eripies
674 2379 834 2436 extrahere
862 2397 899 2435 ex
926 2378 1065 2437 hiberne—
1085 2401 1116 2434 20

159 2481 244 2553 culiS,
262 2481 347 2551 vidit,
370 2491 404 2554 si,
432 2489 493 2558 que
517 2492 599 2539 esset
623 2482 681 2540 iter
703 2483 850 2552 facturus,
876 2482 977 2558 palam
1000 2490 1065 2558 pre-

160 2585 342 2657 nirntiesset,
360 2586 466 2643 hostes
489 2594 551 2644 nen
574 2586 743 2643 creditirres
766 2585 903 2659 aliisque
924 2585 1065 2661 regienes

124 2791 311 2849 5fact1irum
334 2801 372 2849 zie
392 2792 631 2868 pronuntiasset.
678 2795 787 2868 Itaque
805 2813 874 2850 cum
893 2793 942 2850 ille
961 2794 1065 2851 Sardis

161 2895 270 2952 iturum
303 2903 335 2953 se
365 2896 501 2967 dixisset,
530 2896 757 2972 Tissaphernes
783 2897 914 2955 eandem
941 2897 1063 2955 Ceriam
1084 2916 1114 2966 25

161 2999 391 3056 defendendam
423 2999 549 3074 puteivit.
597 3003 634 3057 In
665 3007 727 3074 que
757 3018 826 3056 cum
858 3020 927 3057 eum
959 3000 1064 3076 opinie

207 3165 217 3199 1
239 3153 355 3216 studere,
368 3153 507 3216 savira—
516 3166 530 3215 3
549 3151 615 3216 dies,
636 3159 739 3212 tempus.
751 3165 801 3212 -7
821 3153 1063 3216 contrexerat,c0n-

163 3237 263 3298 tigerat.
272 3249 328 3296 -9
345 3236 524 3298 depopuletus
537 3237 587 3298 est,
602 3237 720 3281 vestivit.
729 3263 762 3270 -
772 3247 801 3281 12
817 3235 960 3300 industrie,
973 3237 1061 3282 studii.

162 3331 236 3366 -20
254 3319 403 3381 extrahere,
416 3319 525 3366 [lacere.
