2509 3725
493 228 623 275 CIMON.
660 241 682 274 z.
1005 224 1038 277 27

104 393 127 453 2
183 386 251 454 Tali
267 395 360 454 moda
375 395 517 454 castadia
538 396 686 454 liberatus
703 395 814 454 Ciman
837 394 977 452 celeriter
997 394 1037 452 ad

139 498 344 575 principatum
359 498 508 575 pervanit.
541 499 690 557 Habebat
705 498 786 556 enim
802 498 878 556 satis
894 497 1036 573 {eloquen-

140 600 209 672 tiae,
235 620 386 659 summam
411 600 637 673 liberalitatem,
669 611 812 677 magnam
842 600 1036 677 prudentiam

140 723 208 762 cum
225 704 296 763 iaris
313 705 410 763 civilis
433 716 497 763 tum
519 714 562 763 rei
585 704 734 776 militaris,
752 705 835 780 quod
858 723 928 761 cum
950 713 1036 781 patre

139 815 268 884 apuert')
289 806 320 864 in
341 807 526 866 exercitibus
546 808 647 865 fuerat
663 816 811 865 versatus.
858 810 967 881 Itaque
987 808 1036 864 hic
1073 821 1086 873 5

139 920 169 969 et
184 910 332 988 populum
349 911 499 969 urbanum
515 910 546 968 in
563 920 618 969 sua
631 910 729 969 tenuit
744 918 898 986 potestate
911 920 942 968 et
954 911 1036 986 apud

107 1014 305 1073 2exercitum
335 1014 497 1091 plarimum
526 1014 619 1073 valuit
650 1014 841 1073 auctaritate.
902 1016 1036 1071 Primum

139 1118 306 1194 imperator
329 1117 412 1194 apud
437 1118 549 1175 flamen
578 1120 741 1194 Strymona
770 1126 899 1193 magnas
929 1117 1036 1193 capias

139 1222 294 1279 Thracum
321 1220 446 1297 fugavit,
470 1222 617 1297 oppidum
642 1220 852 1297 Amphipolim
875 1220 1037 1279 canstituit

140 1332 238 1400 eaque
255 1324 362 1382 decem
377 1323 707 1383 miliaAthaniansium
723 1323 753 1381 in
770 1324 922 1382 colaniam
943 1325 1034 1382 misit.
1057 1347 1086 1381 ιο

137 1421 228 1487 ldem
244 1428 353 1487 iterum
369 1429 451 1504 apud
478 1429 621 1506 Mycalan
647 1428 828 1507 Cypriarum
853 1437 883 1486 et
908 1428 1036 1485 Phoeni-

139 1551 208 1591 cum
239 1531 439 1590 ducentarum
470 1532 592 1590 navium
618 1532 749 1589 classem
776 1532 929 1589 devictam
955 1532 1037 1608 capit

105 1641 123 1690 3
140 1636 312 1711 eademque
328 1634 378 1694 dia
393 1644 459 1712 pari
474 1636 596 1693 lartana
612 1635 644 1692 in
659 1644 739 1693 terra
756 1646 829 1693 usus
844 1645 899 1693 est.
945 1638 1036 1692 Nam-

140 1759 200 1816 que
215 1738 351 1798 hostium
367 1738 496 1797 navibus
513 1748 610 1815 captis
626 1738 730 1797 statim
753 1758 790 1797 ex
810 1739 908 1795 classe
929 1738 1036 1814 capias

140 1852 212 1903 suas
228 1843 333 1902 eduxit
348 1842 608 1918 barbararumque
625 1842 787 1901 maximam
803 1843 864 1901 vim
883 1850 943 1901 [ma
966 1861 1036 1900 con·
1057 1850 1086 1902 Ι5

106 1954 123 2002 4
140 1957 231 2007 cursu
245 1946 419 2023 prostravit.
465 1947 535 2019 Qua
550 1947 678 2005 victaria
694 1957 805 2023 magna
822 1948 937 2023 praeda
961 1956 1036 2022 poti-

140 2062 282 2110 tuscum
305 2051 430 2109 domum
452 2057 662 2120 reverteratur,
680 2051 763 2124 quod
786 2049 846 2106 iam
869 2051 1035 2108 nannullae

141 2156 259 2214 insulae
276 2163 401 2231 propter
416 2153 615 2211 acerbitatem
632 2153 739 2228 imperi
754 2154 939 2225 defecerant,
956 2154 1036 2213 bene

140 2259 293 2316 animatas
316 2256 519 2327 canfirmavit,
545 2256 694 2313 alienatas
718 2257 757 2314 ad
780 2257 911 2314 officium
938 2257 1035 2315 redire

107 2368 123 2418 5
140 2362 249 2439 coegit.
296 2363 430 2439 Scyrum,
448 2379 540 2435 quam
556 2367 592 2417 eb
607 2369 744 2434 tempore
769 2359 906 2435 Dolopes
927 2360 1036 2418 incole·
1056 2380 1087 2412 20

140 2466 224 2537 bant,
253 2466 336 2540 quod
362 2462 573 2522 contumacius
603 2470 637 2520 sa
662 2472 831 2538 gesserant,
855 2463 1035 2534 vacuefecit,

141 2575 279 2628 sessaras
293 2575 412 2626 veteras
429 2567 502 2625 urbe
519 2566 680 2641 insulaque
697 2566 794 2637 eiecit,
811 2574 901 2641 agras
919 2566 1037 2625 civibus

141 2672 254 2756 divisit.
296 2670 429 2728 Thasias
442 2669 600 2746 opulentia
612 2669 708 2727 iratas
722 2676 777 2727 sua
791 2668 925 2728 adventa
936 2670 1035 2745 fragit.

142 2777 203 2834 His
219 2794 256 2833 ex
271 2774 425 2831 manubiis
448 2792 500 2830 arx
516 2772 715 2843 Athanatum,
733 2781 794 2847 qua
817 2772 856 2830 ad
879 2773 1036 2831 meridiem

141 2879 246 2956 vergit,
263 2887 310 2936 est
326 2885 443 2935 amata.
1056 2888 1086 2939 25

184 3106 194 3141 1
216 3092 347 3155 custadia,
362 3092 479 3138 vinculis.
489 3118 521 3125 -
534 3102 561 3152 15
580 3090 683 3153 adfixit,
699 3092 862 3152 exposuit—
873 3089 903 3137 16
920 3093 1038 3153 prastra·

141 3175 192 3240 vit,
204 3176 368 3239 fadis-22
388 3175 514 3235 sessaras,
528 3175 715 3236 incolas-23
733 3173 883 3237 opulentia,
903 3175 1038 3234 opibus.-

141 3257 233 3324 frfigit,
247 3259 373 3320 oppressit.
384 3286 416 3293 —
428 3271 439 3303 2
446 3270 458 3320 5
476 3256 574 3318 vergit,
589 3257 675 3302 tendit.
