2509 3725
446 229 662 281 nunopruas.
697 241 752 297 3-5·
1016 226 1046 281 ss

148 402 289 456 aucteres
314 397 470 457 Cadmeae
495 399 696 475 occupandae
720 398 831 476 partim
856 398 1045 470 occiderunt,

147 499 257 575 partim
274 500 305 557 in
321 501 462 559 exsilium
479 503 643 563 eiecerunt.

110 609 134 667 4
191 604 261 662 Hoc
280 613 343 661 tam
363 604 488 664 turbida
507 614 654 683 tempore,
672 616 751 665 sicut
767 615 859 683 supra
874 605 1045 679 docuimus,

149 707 390 781 Epaminondas
416 708 519 784 quoad
545 728 615 768 cum
642 710 761 769 civibus
785 710 964 769 dimicatum
988 717 1044 781 est,

147 808 231 867 domi
253 810 376 885 quietus
397 811 464 870 iuit.
515 815 625 887 ltaque
648 812 725 871 haec
748 813 945 872 liberatarum
967 813 1047 871 The·
1083 826 1096 878 5

147 912 254 970 barum
283 913 407 989 propria
436 914 504 972 laus
538 925 585 974 est
619 915 796 992 Pelopidae,
828 923 949 975 ceterae
981 917 1045 974 lere

113 1021 130 1072 2
147 1024 325 1075 communes
342 1036 410 1075 cum
423 1020 647 1095 Epaminanda.
684 1022 826 1095 Namque
842 1019 874 1077 in
885 1018 1046 1078 Leuctrica

147 1129 250 1198 pugna
271 1119 454 1197 imperatare
477 1123 692 1197 Epaminonda
713 1123 763 1182 hic
784 1122 843 1181 tuit
864 1122 927 1181 dux
949 1123 1046 1181 delec-

147 1234 197 1284 tae
213 1236 330 1298 manu5‚
348 1246 427 1303 quae
447 1236 545 1303 prima
564 1226 750 1303 phalangem
770 1225 935 1302 prostravit
951 1227 1046 1284 Lace

113 1337 229 1387 3num.
283 1329 434 1389 Omnibus
460 1338 619 1407 praeterea
646 1329 791 1405 periculis
817 1328 916 1387 adfuit
942 1328 1045 1406 (sicut,
1067 1352 1097 1385 10

149 1434 290 1509 Spartam
321 1452 390 1491 cum
420 1433 617 1510 oppugnavit,
645 1433 775 1491 alterum
801 1431 900 1491 tenuit
925 1433 1044 1512 cornu),

148 1544 271 1613 quoque
295 1538 442 1595 Messena
466 1536 596 1595 celerius
623 1535 840 1606 restitueretur,
869 1536 988 1611 legatus
1015 1534 1046 1592 in

149 1642 260 1699 Persas
289 1649 337 1698 est
365 1640 530 1716 proiectus.
585 1638 728 1714 Denique
758 1639 835 1697 haec
864 1638 922 1696 luit
951 1638 1047 1697 altera

148 1752 280 1820 persana
296 1743 421 1814 Thebis,
440 1743 496 1801 sed
511 1752 614 1801 tamen
634 1742 772 1801 secunda
789 1741 832 1800 ita
856 1750 889 1800 ut
908 1741 1047 1817 proxima

148 1857 231 1907 esset
247 1848 490 1925 Epaminondae.
1068 1853 1096 1906 Ι5

110 1957 134 2016 5
190 1951 396 2011 Conflictatus
433 1960 535 2010 autem
568 1959 616 2009 est
650 1969 718 2009 cum
750 1949 880 2008 adversa
912 1949 1044 2008 fortuna.

148 2056 230 2113 Nam
253 2064 284 2114 et
311 2054 406 2126 initio,
433 2062 511 2112 sicut
535 2053 738 2123 ostendimus
764 2052 850 2110 exsul
876 2051 975 2127 patria
1001 2071 1047 2109 ca-

147 2157 217 2229 ruit,
234 2167 349 2216 etcum
366 2156 559 2215 Thessaliam
577 2154 607 2212 in
623 2164 811 2231 potestatem
827 2154 1047 2214 Thebanorum

147 2270 275 2337 cuperet
296 2247 434 2337 redigere
458 2258 684 2335 legationisque
706 2257 769 2316 iure
790 2257 865 2316 satis
884 2265 998 2316 tectum
1015 2265 1047 2316 se

147 2363 355 2436 arbitraretur,
373 2363 457 2440 quod
473 2362 555 2438 apud
571 2368 679 2420 omnes
694 2368 803 2437 gentes
819 2369 959 2419 sanctum
978 2380 1047 2419 esse
1067 2382 1099 2415 20

147 2474 338 2539 consuesset,
370 2475 388 2525 a
418 2473 548 2544 tyranne
578 2465 757 2523 Alexandra
787 2464 924 2522 Pheraea
957 2463 1047 2522 simul

148 2589 219 2630 cum
236 2569 371 2629 Ismenia
390 2569 632 2645 comprehensus
652 2567 683 2624 in
698 2566 802 2626 vincla
817 2567 974 2626 coniectus
991 2577 1046 2626 est.

113 2675 246 2733 2Hunc
273 2672 504 2750 Epaminendas
530 2670 731 2747 recuperavit,
751 2670 834 2729 bello
858 2678 1049 2746 persequens

149 2776 369 2836 Alexandrum.
429 2777 503 2834 Post
537 2774 568 2833 id
600 2774 718 2832 factum
748 2792 915 2848 numquam
946 2773 1049 2831 animo

148 2881 266 2956 placari
284 2878 384 2956 potuit
403 2878 434 2935 in
453 2897 532 2948 eum,
549 2897 567 2935 a
586 2884 732 2953 quaerat
751 2875 892 2934 violatus,
938 2878 1048 2952 Itaque
1068 2889 1098 2941 25

148 2981 304 3060 persuasit
323 2981 482 3040 Thebanis
508 2989 541 3038 ut
566 2978 707 3038 subsidio
727 2978 909 3037 Thessaliae
931 2979 1049 3054 profici·

183 3149 199 3199 3
223 3133 341 3198 turbide,
361 3134 523 3196 periculasa;
552 3131 702 3195 docuimus,
725 3131 914 3193 diximum—9
936 3131 1051 3194 phalan-

148 3231 222 3284 gem,
234 3219 362 3266 acz'em.—-
372 3216 402 3265 16
419 3217 542 3279 adversa,
557 3217 670 3262 im'ma'cd.
678 3242 712 3250 —
721 3227 750 3275 17
770 3213 861 3278 initia,
869 3215 1008 3277 principia.
1017 3242 1051 3251 -

152 3316 183 3368 19
199 3302 313 3366 tectum,
327 3305 476 3363 pretectum.

1236 430 1238 497 l
